@ARTICLE{tgd+07,
   author = {{Tam}, C.~R. and {Gavriil}, F.~P. and {Dib}, R. and {Kaspi}, V.~M. and 
	{Woods}, P.~M. and {Bassa}, C.},
    title = "{X-ray and Near-IR Variability of the Anomalous X-ray Pulsar 1E 1048.1-5937: From Quiescence Back to Activity}",
  journal = {\apj, accepted arXiv:0707.2093},
   eprint = {0707.2093},
     year = 2008,
    month = jul,
}

@ARTICLE{spg+04,
   author = {{Sasaki}, M. and {Plucinsky}, P.~P. and {Gaetz}, T.~J. and {Smith}, R.~K. and 
	{Edgar}, R.~J. and {Slane}, P.~O.},
    title = "{XMM-Newton Observations of the Galactic Supernova Remnant CTB 109 (G109.1-1.0)}",
  journal = {\apj},
   eprint = {arXiv:astro-ph/0408290},
     year = 2004,
    month = dec,
   volume = 617,
    pages = {322-338},
}


@ARTICLE{gogk07,
   author = {{G{\"u}ver}, T. and {{\"O}zel}, F. and {G{\"o}{\u g}{\"u}{\c s}}, E. and 
	{Kouveliotou}, C.},
    title = "{The Magnetar Nature and the Outburst Mechanism of a Transient Anomalous X-Ray Pulsar}",
  journal = {\apjl},
   eprint = {arXiv:0705.3713},
     year = 2007,
    month = sep,
   volume = 667,
    pages = {L73-L76},
}



@ARTICLE{gog07,
   author = {{G{\"u}ver}, T. and {{\"O}zel}, F. and {G{\"o}{\u g}{\"u}{\c s}}, E.
	},
    title = "{Physical Properties of the AXP 4U 0142+61 from X-Ray Spectral Analysis}",
  journal = {\apj},
   eprint = {arXiv:0705.3982},
     year = 2008,
    month = mar,
   volume = 675,
    pages = {1499-1504},
}



@ARTICLE{dv06b,
   author = {{Durant}, M. and {van Kerkwijk}, M.~H.},
    title = "{Extinction Columns and Intrinsic X-Ray Spectra of the Anomalous X-Ray Pulsars}",
  journal = {\apj},
   eprint = {arXiv:astro-ph/0606604},
     year = 2006,
    month = oct,
   volume = 650,
    pages = {1082-1090},
}

@ARTICLE{fmw+03,
   author = {{Feroci}, M. and {Mereghetti}, S. and {Woods}, P. and {Kouveliotou}, C. and 
	{Costa}, E. and {Frederiks}, D.~D. and {Golenetskii}, S.~V. and 
	{Hurley}, K. and {Mazets}, E. and {Soffitta}, P. and {Tavani}, M.
	},
    title = "{The 2001 April Burst Activation of SGR 1900+14: X-Ray Afterglow Emission}",
  journal = {\apj},
   eprint = {arXiv:astro-ph/0306091},
     year = 2003,
    month = oct,
   volume = 596,
    pages = {470-476},
}


@ARTICLE{dkg07b,
   author = {{Dib}, R. and {Kaspi}, V.~M. and {Gavriil}, F.~P.},
    title = "{Glitches in Anomalous X-Ray Pulsars}",
  journal = {\apj},
   eprint = {arXiv:0706.4156},
     year = 2008,
    month = feb,
   volume = 673,
    pages = {1044-1061},
}



@ARTICLE{zkw+07,
   author = {{Zhu}, W. and {Kaspi}, V.~M. and {Woods}, P.~M. and {Gavriil}, F.~P. and 
	{Dib}, R.},
    title = "{The Long-term Radiative Evolution of Anomalous X-ray Pulsar 1E\~{}2259+586 after its 2002 Outburst}",
  journal = {arXiv: astro-ph/0710.1896},
   eprint = {0710.1896},
     year = 2007,
    month = oct,
}

@ARTICLE{adk08,
   author = {{Archibald}, A. M. and {Dib}, R. and {Kaspi}, V. M.},
    title = "Measuring Pulsed Flux of Noisy Signals",
  journal = {in preparation},
     year = 2008,
}

@ARTICLE{jla+01,
   author = {{Jansen}, F. and {Lumb}, D. and {Altieri}, B. and {Clavel}, J. and 
	{Ehle}, M. and {Erd}, C. and {Gabriel}, C. and {Guainazzi}, M. and 
	{Gondoin}, P. and {Much}, R. and {Munoz}, R. and {Santos}, M. and 
	{Schartel}, N. and {Texier}, D. and {Vacanti}, G.},
    title = "{XMM-Newton observatory. I. The spacecraft and operations}",
  journal = {\aap},
     year = 2001,
    month = jan,
   volume = 365,
    pages = {L1-L6},
      doi = {10.1051/0004-6361:20000036},
   adsurl = {http://adsabs.harvard.edu/abs/2001A%26A...365L...1J},
  adsnote = {Provided by the SAO/NASA Astrophysics Data System}
}


@ARTICLE{crp+07,
   author = {{Camilo}, F. and {Ransom}, S.~M. and {Pe{\~n}alver}, J. and 
	{Karastergiou}, A. and {van Kerkwijk}, M.~H. and {Durant}, M. and 
	{Halpern}, J.~P. and {Reynolds}, J. and {Thum}, C. and {Helfand}, D.~J. and 
	{Zimmerman}, N. and {Cognard}, I.},
    title = "{The Variable Radio-to-X-Ray Spectrum of the Magnetar XTE J1810-197}",
  journal = {\apj},
   eprint = {arXiv:0705.4095},
     year = 2007,
    month = nov,
   volume = 669,
    pages = {561-569},
}

@ARTICLE{wbk+08,
   author = {{Wang}, Z. and {Bassa}, C. and {Kaspi}, V.~M. and {Bryant}, J.~J. and 
	{Morrell}, N.},
    title = "{Optical/Infrared Observations of the Anomalous X-Ray Pulsar 1E 1048.1-5937 During Its 2007 X-Ray Flare}",
  journal = {\apj},
   eprint = {arXiv:0711.2290},
 keywords = {Infrared: Stars, Stars: Pulsars: Individual: Alphanumeric: 1E 1048.1-5937, Stars: Neutron, X-Rays: Stars},
     year = 2008,
    month = jun,
   volume = 679,
    pages = {1443-1446},
}

@ARTICLE{gdk+08,
   author = {{Gonzalez}, M.~E. and {Dib}, R. and {Kaspi}, V.~M. and {Woods}, P.~M. and 
	{Tam}, C.~R. and {Gavriil}, F.~P.},
    title = "{Long-term X-ray changes in the emission from the anomalous X-ray pulsar 4U 0142+61}",
  journal = {arXiv: astro-ph/0708.2756},
   eprint = {arXiv:0708.2756},
     year = 2008,
    month = aug,
}

@ARTICLE{jmr+06,
   author = {{Jahoda}, K. and {Markwardt}, C.~B. and {Radeva}, Y. and {Rots}, A.~H. and 
	{Stark}, M.~J. and {Swank}, J.~H. and {Strohmayer}, T.~E. and 
	{Zhang}, W.},
    title = "{Calibration of the Rossi X-Ray Timing Explorer Proportional Counter Array}",
  journal = {\apjs},
   eprint = {arXiv:astro-ph/0511531},
 keywords = {Instrumentation: Detectors, Space Vehicles: Instruments},
     year = 2006,
    month = apr,
   volume = 163,
    pages = {401-423},
}

@ARTICLE{plm+07,
   author = {{Pons}, J.~A. and {Link}, B. and {Miralles}, J.~A. and {Geppert}, U.
	},
    title = "{Evidence for Heating of Neutron Stars by Magnetic-Field Decay}",
  journal = {Physical Review Letters},
   eprint = {arXiv:astro-ph/0607583},
     year = 2007,
    month = feb,
   volume = 98,
   number = 7,
    pages = {071101-+},
}

@ARTICLE{vk08,
   author = {{van Kerkwijk}, M.~H. and {Kaplan}, D.~L.},
    title = "{Timing the Nearby Isolated Neutron Star RX J1856.5-3754}",
  journal = {\apjl},
archivePrefix = "arXiv",
   eprint = {0712.3212},
 keywords = {Stars: Individual: Alphanumeric: RX J1856.5-3754, Stars: Neutron, X-Rays: Stars},
     year = 2008,
    month = feb,
   volume = 673,
    pages = {L163-L166},
}


@ARTICLE{apm08,
   author = {{Aguilera}, D.~N. and {Pons}, J.~A. and {Miralles}, J.~A.},
    title = "{The Impact of Magnetic Field on the Thermal Evolution of Neutron Stars}",
  journal = {\apjl},
archivePrefix = "arXiv",
   eprint = {0712.1353},
 keywords = {Radiation Mechanisms: Thermal, Stars: Magnetic Fields, Stars: Neutron},
     year = 2008,
    month = feb,
   volume = 673,
    pages = {L167-L170},
}

@ARTICLE{pgw06,
   author = {{Page}, D. and {Geppert}, U. and {Weber}, F.},
    title = "{The cooling of compact stars}",
  journal = {Nuclear Physics A},
   eprint = {arXiv:astro-ph/0508056},
 keywords = {97.10.Cv, 97.60.Jd, 26.60.+c, 12.38.Mh},
     year = 2006,
    month = oct,
   volume = 777,
    pages = {497-530},
}

@ARTICLE{atnf,
   author = {{Manchester}, R.~N. and {Hobbs}, G.~B. and {Teoh}, A. and {Hobbs}, M.
	},
    title = "{ATNF Pulsar Catalog (Manchester+, 2005)}",
  journal = {VizieR Online Data Catalog},
 keywords = {refs.dat          412x284  References },
     year = 2005,
    month = aug,
   volume = 7245,
    pages = {0-+},
}

@ARTICLE{me08,
   author = {{Mereghetti}, S.},
    title = "{The strongest cosmic magnets: soft gamma-ray repeaters and anomalous X-ray pulsars}",
  journal = {\aapr},
archivePrefix = "arXiv",
   eprint = {0804.0250},
 keywords = {Stars: neutron, Magnetic fields, X-rays: stars, Gamma rays: bursts, Pulsars: general},
     year = 2008,
    month = jul,
   volume = 15,
    pages = {225-287},
}


@ARTICLE{pkb08,
   author = {{Pavlov}, G.~G. and {Kargaltsev}, O. and {Brisken}, W.~F.},
    title = "{Chandra Observation of PSR B1823-13 and Its Pulsar Wind Nebula}",
  journal = {\apj},
archivePrefix = "arXiv",
   eprint = {0707.3529},
 keywords = {ISM: Individual: Alphanumeric: G18.0-0.7, ISM: individual (HESS J1825-137), Stars: Pulsars: Individual: Alphanumeric: PSR B1823-13, pulsars: individual (J1826-1334), Stars: Neutron, X-Rays: ISM},
     year = 2008,
    month = mar,
   volume = 675,
    pages = {683-694},
}

@ARTICLE{dcm+05,
   author = {{De Luca}, A. and {Caraveo}, P.~A. and {Mereghetti}, S. and 
	{Negroni}, M. and {Bignami}, G.~F.},
    title = "{On the Polar Caps of the Three Musketeers}",
  journal = {\apj},
   eprint = {arXiv:astro-ph/0412662},
 keywords = {Stars: Pulsars: General, Stars: Pulsars: Individual: Name: Geminga, Stars: Pulsars: Individual: Alphanumeric: PSR B0656+14, Stars: Pulsars: Individual: Alphanumeric: PSR B1055-52, Stars: Neutron, X-Rays: Stars},
     year = 2005,
    month = apr,
   volume = 623,
    pages = {1051-1069},
}

@ARTICLE{mdc07,
   author = {{Manzali}, A. and {De Luca}, A. and {Caraveo}, P.~A.},
    title = "{Phase-resolved Spectroscopy of the Vela Pulsar with XMM-Newton}",
  journal = {\apj},
archivePrefix = "arXiv",
   eprint = {0706.3194},
 keywords = {Stars: Pulsars: General, pulsars: individual (Vela), Stars: Neutron, X-Rays: Stars},
     year = 2007,
    month = nov,
   volume = 669,
    pages = {570-578},
}

@ARTICLE{mzc+06,
   author = {{McGowan}, K.~E. and {Zane}, S. and {Cropper}, M. and {Vestrand}, W.~T. and 
	{Ho}, C.},
    title = "{Evidence for Surface Cooling Emission in the XMM-Newton Spectrum of the X-Ray Pulsar PSR B2334+61}",
  journal = {\apj},
   eprint = {arXiv:astro-ph/0508439},
 keywords = {pulsars: individual (PSR B2334+61), Stars: Neutron, X-Rays: Stars},
     year = 2006,
    month = mar,
   volume = 639,
    pages = {377-381},
}

@ARTICLE{psz06,
   author = {{Pavlov}, G.~G. and {Sanwal}, D. and {Zavlin}, V.~E.},
    title = "{The Pulsar Wind Nebula of the Geminga Pulsar}",
  journal = {\apj},
   eprint = {arXiv:astro-ph/0511364},
 keywords = {Stars: Pulsars: Individual: Name: Geminga, Stars: Neutron, Stars: Winds, Outflows},
     year = 2006,
    month = jun,
   volume = 643,
    pages = {1146-1150},
}

@ARTICLE{frhs08,
   author = {{Fesen}, R. and {Rudie}, G. and {Hurford}, A. and {Soto}, A.
	},
    title = "{Optical Imaging and Spectroscopy of the Galactic Supernova Remnant 3C 58 (G130.7+3.1)}",
  journal = {\apjs},
 keywords = {ISM: Individual: Alphanumeric: 3C 58, ISM: Kinematics and Dynamics, ISM: Supernova Remnants},
     year = 2008,
    month = feb,
   volume = 174,
    pages = {379-395},
}

@ARTICLE{nrb+07,
   author = {{Ng}, C.-Y. and {Romani}, R.~W. and {Brisken}, W.~F. and {Chatterjee}, S. and 
	{Kramer}, M.},
    title = "{The Origin and Motion of PSR J0538+2817 in S147}",
  journal = {\apj},
   eprint = {arXiv:astro-ph/0611068},
 keywords = {Astrometry, Stars: Pulsars: Individual: Alphanumeric: PSR J0538+2817, Stars: Kinematics, supernovae: individual (S147)},
     year = 2007,
    month = jan,
   volume = 654,
    pages = {487-493},
}

@ARTICLE{dmz+08,
   author = {{De Luca}, A. and {Mignani}, R.~P. and {Zaggia}, S. and {Beccari}, G. and 
	{Mereghetti}, S. and {Caraveo}, P.~A. and {Bignami}, G.~F.},
    title = "{Deep Infrared Observations of the Puzzling Central X-Ray Source in RCW 103}",
  journal = {\apj},
archivePrefix = "arXiv",
   eprint = {0803.2885},
 keywords = {Stars: Individual: Alphanumeric: 1E 161348-5055, Stars: Neutron},
     year = 2008,
    month = aug,
   volume = 682,
    pages = {1185-1194},
}

@ARTICLE{pl09,
   author = {{Pavlov}, G.~G. and {Luna}, G.~J.~M.},
    title = "{A Dedicated Chandra ACIS Observation of the Central Compact Object in the Cassiopeia A Supernova Remnant}",
  journal = {\apj},
archivePrefix = "arXiv",
   eprint = {0905.3190},
 keywords = {stars: neutron, supernovae: individual: Cassiopeia A },
     year = 2009,
    month = sep,
   volume = 703,
    pages = {910-921},
      doi = {10.1088/0004-637X/703/1/910},
   adsurl = {http://adsabs.harvard.edu/abs/2009ApJ...703..910P},
  adsnote = {Provided by the SAO/NASA Astrophysics Data System}
}



@ARTICLE{suzaku,
   author = {{Mitsuda}, K. et~al.},
    title = "{The X-Ray Observatory Suzaku}",
  journal = {\pasj},
 keywords = {instrumentation, space vehicles, space vehicles: instruments, X-rays: general},
     year = 2007,
    month = jan,
   volume = 59,
    pages = {1-7},
}


@ARTICLE{suzakuxis,
   author = {{Koyama}, K. et~al.},
    title = "{X-Ray Imaging Spectrometer (XIS) on Board Suzaku}",
  journal = {\pasj},
 keywords = {instrumentation: detectors, methods: data analysis, space vehicles: instruments, X-ray CCDs},
     year = 2007,
    month = jan,
   volume = 59,
    pages = {23-33},
}


@ARTICLE{suzakuhxd,
   author = {{Takahashi}, T. et~al.},
    title = "{Hard X-Ray Detector (HXD) on Board Suzaku}",
  journal = {\pasj},
   eprint = {arXiv:astro-ph/0611232},
 keywords = {instrumentation: detectors, X-rays: general},
     year = 2007,
    month = jan,
   volume = 59,
    pages = {35-51},
}

@ARTICLE{ascagis,
   author = {{Burke}, B.~E. and {Mountain}, R.~W. and {Daniels}, P.~J. and 
        {Cooper}, M.~J. and {Dolat}, V.~S.},
    title = "{CCD soft X-ray imaging spectrometer for the ASCA satellite}",
  journal = {IEEE Transactions on Nuclear Science},
     year = 1994,
    month = feb,
   volume = 41,
    pages = {375-385},
      doi = {10.1109/23.281527},
   adsurl = {http://adsabs.harvard.edu/abs/1994ITNS...41..375B},
  adsnote = {Provided by the SAO/NASA Astrophysics Data System}
}

@ARTICLE{ascasis,
   author = {{Ohashi}, T. et~al.},
    title = "{The Gas Imaging Spectrometer on Board ASCA}",
  journal = {\pasj},
 keywords = {INSTRUMENTS, SPACECRAFT, SPECTROSCOPY, X-RAYS: GENERAL,  X-RAYS: SPECTRA},
     year = 1996,
    month = apr,
   volume = 48,
    pages = {157-170},
   adsurl = {http://adsabs.harvard.edu/abs/1996PASJ...48..157O},
  adsnote = {Provided by the SAO/NASA Astrophysics Data System}
}

@INPROCEEDINGS{mks+08,
   author = {{Morii}, M. and {Kitamoto}, S. and {Shibazaki}, N. and {Takei}, D. and 
        {Kawai}, N. and {Arimoto}, M. and {Ueno}, M. and {Terada}, Y. and 
        {Kohmura}, T. and {Yamauchi}, S.},
    title = "{Suzaku Observation of AXP 1E 1841-045 in SNR Kes 73}",
 keywords = {pulsars, neutron stars, supernova remnants, X-ray sources (astronomical), timing},
booktitle = {40 Years of Pulsars: Millisecond Pulsars, Magnetars and More},
     year = 2008,
   series = {American Institute of Physics Conference Series},
   volume = 983,
   editor = "{C.~Bassa, Z.~Wang, A.~Cumming, \& V.~M.~Kaspi}",
    month = feb,
    pages = {268-270},
      doi = {10.1063/1.2900159},
   adsurl = {http://adsabs.harvard.edu/abs/2008AIPC..983..268M},
  adsnote = {Provided by the SAO/NASA Astrophysics Data System}
}


@ARTICLE{msk+03c,
   author = {{Morii}, M. and {Sato}, R. and {Kataoka}, J. and {Kawai}, N.
        },
    title = "{Chandra Observation of the Anomalous X-Ray Pulsar 1E 1841-045}",
  journal = {\pasj},
   eprint = {arXiv:astro-ph/0303597},
 keywords = {ISM: individual (Kes 73), ISM: supernova remnants, stars: pulsars: individual (1E 1841-045), X-rays: individual (1E 1841-045)},
     year = 2003,
    month = jun,
   volume = 55,
    pages = {L45-L48},
   adsurl = {http://adsabs.harvard.edu/abs/2003PASJ...55L..45M},
  adsnote = {Provided by the SAO/NASA Astrophysics Data System}
}


@ARTICLE{igz+07,
   author = {{Israel}, G.~L. and {G{\"o}tz}, D. and {Zane}, S. and {Dall'Osso}, S. and 
        {Rea}, N. and {Stella}, L.},
    title = "{Linking the X-ray timing and spectral properties of the glitching AXP 1RXS J170849-400910}",
  journal = {\aap},
archivePrefix = "arXiv",
   eprint = {0707.0485},
 keywords = {stars: individual: 1RXS J170849-400910, stars: neutron, stars: X-rays,},
     year = 2007,
    month = dec,
   volume = 476,
    pages = {L9-L12},
      doi = {10.1051/0004-6361:20078215},
   adsurl = {http://adsabs.harvard.edu/abs/2007A%26A...476L...9I},
  adsnote = {Provided by the SAO/NASA Astrophysics Data System}
}


@ARTICLE{blr01,
   author = {{Borkowski}, K.~J. and {Lyerly}, W.~J. and {Reynolds}, S.~P.
        },
    title = "{Supernova Remnants in the Sedov Expansion Phase: Thermal X-Ray Emission}",
  journal = {\apj},
   eprint = {arXiv:astro-ph/0008066},
 keywords = {ISM: Supernova Remnants, X-Rays: ISM},
     year = 2001,
    month = feb,
   volume = 548,
    pages = {820-835},
      doi = {10.1086/319011},
   adsurl = {http://adsabs.harvard.edu/abs/2001ApJ...548..820B},
  adsnote = {Provided by the SAO/NASA Astrophysics Data System}
}

@ARTICLE{mer08,
   author = {{Mereghetti}, S.},
    title = "{The strongest cosmic magnets: soft gamma-ray repeaters and anomalous X-ray pulsars}",
  journal = {\aapr},
archivePrefix = "arXiv",
   eprint = {0804.0250},
 keywords = {Stars: neutron, Magnetic fields, X-rays: stars, Gamma rays: bursts, Pulsars: general},
     year = 2008,
    month = jul,
   volume = 15,
    pages = {225-287},
      doi = {10.1007/s00159-008-0011-z},
   adsurl = {http://adsabs.harvard.edu/abs/2008A%26ARv..15..225M},
  adsnote = {Provided by the SAO/NASA Astrophysics Data System}
}

@INPROCEEDINGS{ChaRT,
   author = {{Carter}, C. and {Karovska}, M. and {Jerius}, D. and {Glotfelty}, K. and 
        {Beikman}, S.},
    title = "{ChaRT: The Chandra Ray Tracer}",
booktitle = {Astronomical Data Analysis Software and Systems XII},
     year = 2003,
   series = {Astronomical Society of the Pacific Conference Series},
   volume = 295,
   editor = "{H.~E.~Payne, R.~I.~Jedrzejewski, \& R.~N.~Hook}",
    pages = {477-+},
   adsurl = {http://adsabs.harvard.edu/abs/2003ASPC..295..477C},
  adsnote = {Provided by the SAO/NASA Astrophysics Data System}
}

@ARTICLE{sno02,
   author = {{Snowden}, S.~L.},
    title = "{Comparison of XMM-Newton EPIC, Chandra ACIS-S3, ASCA SIS and GIS, and ROSAT PSPC Results for G21.5-0.9, 1E0102.2-7219, and MS1-54.4-0321}",
  journal = {ArXiv:astro-ph/0203311},
   eprint = {arXiv:astro-ph/0203311},
 keywords = {Astrophysics},
     year = 2002,
    month = mar,
   adsurl = {http://adsabs.harvard.edu/abs/2002astro.ph..3311S},
  adsnote = {Provided by the SAO/NASA Astrophysics Data System}
}

@ARTICLE{kas10,
   author = {{Kaspi}, V.~M.},
    title = "{Grand unification of neutron stars}",
  journal = {Proceedings of the National Academy of Science},
     year = 2010,
    month = apr,
   volume = 107,
    pages = {7147-7152},
      doi = {10.1073/pnas.1000812107},
   adsurl = {http://adsabs.harvard.edu/abs/2010PNAS..107.7147K},
  adsnote = {Provided by the SAO/NASA Astrophysics Data System}
}

@ARTICLE{ghb+04,
   author = {{Gotthelf}, E.~V. and {Halpern}, J.~P. and {Buxton}, M. and 
        {Bailyn}, C.},
    title = "{Imaging X-Ray, Optical, and Infrared Observations of the Transient Anomalous X-Ray Pulsar XTE J1810-197}",
  journal = {\apj},
   eprint = {arXiv:astro-ph/0309745},
 keywords = {Stars: Pulsars: General, stars: individual (CXOU J180951.0), stars: individual (XTE J1810-197), Stars: Neutron, X-Rays: Stars},
     year = 2004,
    month = apr,
   volume = 605,
    pages = {368-377},
      doi = {10.1086/382232},
   adsurl = {http://adsabs.harvard.edu/abs/2004ApJ...605..368G},
  adsnote = {Provided by the SAO/NASA Astrophysics Data System}
}

@ARTICLE{zx06,
   author = {{Zhu}, W.~W. and {Xu}, R.~X.},
    title = "{GCRT J1745-3009: a precessing radio pulsar?}",
  journal = {\mnras},
   eprint = {arXiv:astro-ph/0504251},
 keywords = {radiation mechanisms: non-thermal, stars: individual: GCRT J1745-3009, pulsars: general},
     year = 2006,
    month = jan,
   volume = 365,
    pages = {L16-L20},
      doi = {10.1111/j.1745-3933.2005.00117.x},
   adsurl = {http://adsabs.harvard.edu/abs/2006MNRAS.365L..16Z},
  adsnote = {Provided by the SAO/NASA Astrophysics Data System}
}

@ARTICLE{es10,
   author = {{Eichler}, D. and {Shaisultanov}, R.},
    title = "{Dynamical Oscillations and Glitches in Anomalous X-ray Pulsars}",
  journal = {\apjl},
 keywords = {stars: neutron },
     year = 2010,
    month = jun,
   volume = 715,
    pages = {L142-L145},
      doi = {10.1088/2041-8205/715/2/L142},
   adsurl = {http://adsabs.harvard.edu/abs/2010ApJ...715L.142E},
  adsnote = {Provided by the SAO/NASA Astrophysics Data System}
}

@ARTICLE{zk10,
   author = {{Zhu}, W. and {Kaspi}, V.~M.},
    title = "{Searching for X-ray Variability in the Glitching Anomalous X-ray Pulsar 1E 1841-045 in Kes 73}",
  journal = {\apj},
archivePrefix = "arXiv",
   eprint = {1003.1989},
 primaryClass = "astro-ph.HE",
 keywords = {pulsars: individual: 1E 1841{\ndash}045, stars: neutron, X-rays: stars},
     year = 2010,
    month = aug,
   volume = 719,
    pages = {351-356},
      doi = {10.1088/0004-637X/719/1/351},
   adsurl = {http://adsabs.harvard.edu/abs/2010ApJ...719..351Z},
  adsnote = {Provided by the SAO/NASA Astrophysics Data System}
}


@ARTICLE{kml+09,
   author = {{Kondratiev}, V.~I. and {McLaughlin}, M.~A. and {Lorimer}, D.~R. and 
        {Burgay}, M. and {Possenti}, A. and {Turolla}, R. and {Popov}, S.~B. and 
        {Zane}, S.},
    title = "{New Limits on Radio Emission from X-ray Dim Isolated Neutron Stars}",
  journal = {\apj},
archivePrefix = "arXiv",
   eprint = {0907.0054},
 keywords = {methods: data analysis, stars: neutron},
     year = 2009,
    month = sep,
   volume = 702,
    pages = {692-706},
      doi = {10.1088/0004-637X/702/1/692},
   adsurl = {http://adsabs.harvard.edu/abs/2009ApJ...702..692K},
  adsnote = {Provided by the SAO/NASA Astrophysics Data System}
}

@ARTICLE{lkg10,
   author = {{Livingstone}, M.~A. and {Kaspi}, V.~M. and {Gavriil}, F.~P.
        },
    title = "{Timing Behavior of the Magnetically Active Rotation-Powered Pulsar in the Supernova Remnant Kesteven 75}",
  journal = {\apj},
archivePrefix = "arXiv",
   eprint = {0905.3567},
 keywords = {pulsars: general, pulsars: individual: PSR J1846-0258, X-rays: stars},
     year = 2010,
    month = feb,
   volume = 710,
    pages = {1710-1717},
      doi = {10.1088/0004-637X/710/2/1710},
   adsurl = {http://adsabs.harvard.edu/abs/2010ApJ...710.1710L},
  adsnote = {Provided by the SAO/NASA Astrophysics Data System}
}

@ARTICLE{gkl+04,
   author = {{Gonzalez}, M.~E. and {Kaspi}, V.~M. and {Lyne}, A.~G. and {Pivovaroff}, M.~J.
        },
    title = "{An XMM-Newton Observation of the High Magnetic Field Radio Pulsar PSR B0154+61}",
  journal = {\apjl},
 keywords = {Stars: Pulsars: General, Stars: Pulsars: Individual: Alphanumeric: PSR B0154+61, X-Rays: General},
     year = 2004,
    month = jul,
   volume = 610,
    pages = {L37-L40},
      doi = {10.1086/423033},
   adsurl = {http://adsabs.harvard.edu/abs/2004ApJ...610L..37G},
  adsnote = {Provided by the SAO/NASA Astrophysics Data System}
}


@ARTICLE{lbb+10,
   author = {{Levin}, L. and {Bailes}, M. and {Bates}, S. and {Bhat}, N.~D.~R. and 
        {Burgay}, M. and {Burke-Spolaor}, S. and {D'Amico}, N. and {Johnston}, S. and 
        {Keith}, M. and {Kramer}, M. and {Milia}, S. and {Possenti}, A. and 
        {Rea}, N. and {Stappers}, B. and {van Straten}, W.},
    title = "{A Radio-loud Magnetar in X-ray Quiescence}",
  journal = {\apjl},
archivePrefix = "arXiv",
   eprint = {1007.1052},
 primaryClass = "astro-ph.HE",
 keywords = {pulsars: individual: 1E 1547.0{\ndash}5408 PSR J1622{\ndash}4950 XTE J1810{\ndash}197, stars: magnetars, stars: neutron},
     year = 2010,
    month = sep,
   volume = 721,
    pages = {L33-L37},
      doi = {10.1088/2041-8205/721/1/L33},
   adsurl = {http://adsabs.harvard.edu/abs/2010ApJ...721L..33L},
  adsnote = {Provided by the SAO/NASA Astrophysics Data System}
}


@ARTICLE{oklk10,
   author = {{Olausen}, S.~A. and {Kaspi}, V.~M. and {Lyne}, A.~G. and {Kramer}, M.},
    title = "{XMM-Newton X-ray Observation of the High-magnetic-field Radio Pulsar PSR J1734-3333}",
  journal = {\apj},
archivePrefix = "arXiv",
   eprint = {1007.1196},
 primaryClass = "astro-ph.HE",
 keywords = {pulsars: general, pulsars: individual: PSR J1734-3333, stars: neutron, X-rays: stars},
     year = 2010,
    month = dec,
   volume = 725,
    pages = {985-989},
      doi = {10.1088/0004-637X/725/1/985},
   adsurl = {http://adsabs.harvard.edu/abs/2010ApJ...725..985O},
  adsnote = {Provided by the SAO/NASA Astrophysics Data System}
}


@ARTICLE{kv09a,
   author = {{Kaplan}, D.~L. and {van Kerkwijk}, M.~H.},
    title = "{Constraining the Spin-Down of the Nearby Isolated Neutron Star RX J2143.0+0654}",
  journal = {\apjl},
 keywords = {stars: individual: RX J2143.0+0654, stars: neutron, X-rays: stars},
     year = 2009,
    month = feb,
   volume = 692,
    pages = {L62-L66},
      doi = {10.1088/0004-637X/692/1/L62},
   adsurl = {http://adsabs.harvard.edu/abs/2009ApJ...692L..62K},
  adsnote = {Provided by the SAO/NASA Astrophysics Data System}
}

@ARTICLE{kec+09,
   author = {{Kaplan}, D.~L. and {Esposito}, P. and {Chatterjee}, S. and 
        {Possenti}, A. and {McLaughlin}, M.~A. and {Camilo}, F. and 
        {Chakrabarty}, D. and {Slane}, P.~O.},
    title = "{Upper limits on X-ray emission from two rotating radio transients}",
  journal = {\mnras},
archivePrefix = "arXiv",
   eprint = {0908.3819},
 primaryClass = "astro-ph.SR",
 keywords = {stars: neutron , pulsars: general , X-rays: stars},
     year = 2009,
    month = dec,
   volume = 400,
    pages = {1445-1450},
      doi = {10.1111/j.1365-2966.2009.15541.x},
   adsurl = {http://adsabs.harvard.edu/abs/2009MNRAS.400.1445K},
  adsnote = {Provided by the SAO/NASA Astrophysics Data System}
}

@ARTICLE{nsg+08,
   author = {{Ng}, C.-Y. and {Slane}, P.~O. and {Gaensler}, B.~M. and {Hughes}, J.~P.
        },
    title = "{Deep Chandra Observation of the Pulsar Wind Nebula Powered by Pulsar PSR J1846-0258 in the Supernova Remnant Kes 75}",
  journal = {\apj},
archivePrefix = "arXiv",
   eprint = {0804.3384},
 keywords = {Stars: Pulsars: Individual: Alphanumeric: PSR J1846-0258, Stars: Winds, Outflows, supernovae: individual (Kes 75), X-Rays: ISM},
     year = 2008,
    month = oct,
   volume = 686,
    pages = {508-519},
      doi = {10.1086/591146},
   adsurl = {http://adsabs.harvard.edu/abs/2008ApJ...686..508N},
  adsnote = {Provided by the SAO/NASA Astrophysics Data System}
}

@ARTICLE{mrg+07,
   author = {{McLaughlin}, M.~A. and {Rea}, N. and {Gaensler}, B.~M. and 
        {Chatterjee}, S. and {Camilo}, F. and {Kramer}, M. and {Lorimer}, D.~R. and 
        {Lyne}, A.~G. and {Israel}, G.~L. and {Possenti}, A.},
    title = "{Discovery of Pulsations and a Possible Spectral Feature in the X-Ray Emission from Rotating Radio Transient J1819-1458}",
  journal = {\apj},
archivePrefix = "arXiv",
   eprint = {0708.1149},
 keywords = {pulsars: individual (J1819-1458), Radio Continuum: Stars, Stars: Flare, Stars: Neutron, X-Rays: Stars},
     year = 2007,
    month = dec,
   volume = 670,
    pages = {1307-1313},
      doi = {10.1086/522335},
   adsurl = {http://adsabs.harvard.edu/abs/2007ApJ...670.1307M},
  adsnote = {Provided by the SAO/NASA Astrophysics Data System}
}

@ARTICLE{sk08,
   author = {{Safi-Harb}, S. and {Kumar}, H.~S.},
    title = "{Using Chandra to Unveil the High-Energy Properties of the High Magnetic Field Radio Pulsar J1119-6127}",
  journal = {\apj},
archivePrefix = "arXiv",
   eprint = {0805.3807},
 keywords = {ISM: Individual: Alphanumeric: G292.2-0.5, Stars: Pulsars: Individual: Alphanumeric: PSR J1119-6127, ISM: Supernova Remnants, X-Rays: ISM},
     year = 2008,
    month = sep,
   volume = 684,
    pages = {532-541},
      doi = {10.1086/590359},
   adsurl = {http://adsabs.harvard.edu/abs/2008ApJ...684..532S},
  adsnote = {Provided by the SAO/NASA Astrophysics Data System}
}



@ARTICLE{mvk+07,
   author = {{McGowan}, K.~E. and {Vestrand}, W.~T. and {Kennea}, J.~A. and 
        {Zane}, S. and {Cropper}, M. and {C{\'o}rdova}, F.~A.},
    title = "{X-ray observations of PSR B0355+54 and its pulsar wind nebula}",
  journal = {\apss},
 keywords = {Pulsars, Individual (PSR{\amp}nbsp, B0355+54), X-rays},
     year = 2007,
    month = apr,
   volume = 308,
    pages = {309-316},
      doi = {10.1007/s10509-007-9319-9},
   adsurl = {http://adsabs.harvard.edu/abs/2007Ap%26SS.308..309M},
  adsnote = {Provided by the SAO/NASA Astrophysics Data System}
}


@ARTICLE{mh10,
   author = {{Manchester}, R.~N. and {Hobbs}, G.},
  journal = {\mnras ~in preparation},
 keywords = {pulsars: individual (J1718-3718), Radio Continuum: Stars, Stars: Flare, Stars: Neutron, X-Rays: Stars},
     year = 2010,
}

@ARTICLE{mpk10,
   author = {{Misanovic}, Z. and {Pavlov}, G.~G. and {Kargaltsev}, O.},
  journal = {\apj, ~in preparation},
 keywords = {pulsars: individual (J1740+1000), X-ray Continuum: Stars, Stars: Neutron, X-Rays: Stars},
     year = 2011,
}

@ARTICLE{cpk10,
   author = {{Chang}, C. and {Pavlov}, G.~G. and {Kargaltsev}, O.},
  journal = {\apj, ~in preparation},
 keywords = {pulsars: individual (J1357-6429), X-ray Continuum: Stars, Stars: Neutron, X-Rays: Stars},
     year = 2011,
}

@ARTICLE{hmz+04,
   author = {{Haberl}, F. and {Motch}, C. and {Zavlin}, V.~E. and {Reinsch}, K. and {G{\"a}nsicke}, B.~T. and {Cropper}, M. and {Schwope}, A.~D. and {Turolla}, R. and {Zane}, S.},
    title = "{The isolated neutron star X-ray pulsars <ASTROBJ>RX J0420.0-5022</ASTROBJ> and <ASTROBJ>RX J0806.4-4123</ASTROBJ>: New X-ray and optical observations}",
  journal = {\aap},
   eprint = {arXiv:astro-ph/0405485},
 keywords = {X-rays: stars, stars: neutron, stars: magnetic fields, stars: individual: <ASTROBJ>RX J0420.0-5022</ASTROBJ>, <ASTROBJ>RX J0806.4-4123</ASTROBJ>},
     year = 2004,
    month = sep,
   volume = 424,
    pages = {635-645},
      doi = {10.1051/0004-6361:20040440},
   adsurl = {http://adsabs.harvard.edu/abs/2004A%26A...424..635H},
  adsnote = {Provided by the SAO/NASA Astrophysics Data System}
}

@ARTICLE{shhm07,
   author = {{Schwope}, A.~D. and {Hambaryan}, V. and {Haberl}, F. and {Motch}, C.
        },
    title = "{The complex X-ray spectrum of the isolated neutron star RBS1223}",
  journal = {\apss},
   eprint = {arXiv:astro-ph/0609705},
     year = 2007,
    month = apr,
   volume = 308,
    pages = {619-623},
      doi = {10.1007/s10509-007-9375-1},
   adsurl = {http://adsabs.harvard.edu/abs/2007Ap%26SS.308..619S},
  adsnote = {Provided by the SAO/NASA Astrophysics Data System}
}

@ARTICLE{gmcm08,
   author = {{Gaensler}, B.~M. and {Madsen}, G.~J. and {Chatterjee}, S. and 
        {Mao}, S.~A.},
    title = "{The Vertical Structure of Warm Ionised Gas in the Milky Way}",
  journal = {PASA},
archivePrefix = "arXiv",
   eprint = {0808.2550},
 keywords = {galaxies: ISM, Galaxy: halo, structure, globular clusters: general, ISM: structure, pulsars: general},
     year = 2008,
    month = nov,
   volume = 25,
    pages = {184-200},
      doi = {10.1071/AS08004},
   adsurl = {http://adsabs.harvard.edu/abs/2008PASA...25..184G},
  adsnote = {Provided by the SAO/NASA Astrophysics Data System}
}

@ARTICLE{nkd+11,
   author = {{Ng}, C.-Y. and {Kaspi}, V.~M. and {Dib}, R. and {Olausen}, S.~A. and 
	{Scholz}, P. and {G{\"u}ver}, T. and {{\"O}zel}, F. and {Gavriil}, F.~P. and 
	{Woods}, P.~M.},
    title = "{Chandra and RXTE Observations of 1E 1547.0{\ndash}5408: Comparing the 2008 and 2009 Outbursts}",
  journal = {\apj},
archivePrefix = "arXiv",
   eprint = {1008.1165},
 primaryClass = "astro-ph.HE",
 keywords = {pulsars: individual: 1E 1547.0{\ndash}5408 PSR J1550{\ndash}5418 SGR J1550{\ndash}5418, stars: neutron, X-rays: bursts},
     year = 2011,
    month = mar,
   volume = 729,
    pages = {131-+},
      doi = {10.1088/0004-637X/729/2/131},
   adsurl = {http://adsabs.harvard.edu/abs/2011ApJ...729..131N},
  adsnote = {Provided by the SAO/NASA Astrophysics Data System}
}


@ARTICLE{lnk+11,
   author = {{Livingstone}, M.~A. and {Ng}, {C.-Y.} and {Kaspi}, V.~M. and 
	{Gavriil}, F.~P. and {Gotthelf}, E.~V.},
    title = "{Post-outburst Observations of the Magnetically Active Pulsar J1846{\ndash}0258. A New Braking Index, Increased Timing Noise, and Radiative Recovery}",
  journal = {\apj},
archivePrefix = "arXiv",
   eprint = {1007.2829},
 primaryClass = "astro-ph.HE",
 keywords = {pulsars: general, pulsars: individual: PSR J1846-0258, supernovae: individual: Kes 75, X-rays: stars},
     year = 2011,
    month = apr,
   volume = 730,
    pages = {66-+},
      doi = {10.1088/0004-637X/730/2/66},
   adsurl = {http://adsabs.harvard.edu/abs/2011ApJ...730...66L},
  adsnote = {Provided by the SAO/NASA Astrophysics Data System}
}


@ARTICLE{kgk+10,
   author = {{Kaneko}, Y. and {G{\"o}{\u g}{\"u}{\c s}}, E. and {Kouveliotou}, C. and 
        {Granot}, J. and {Ramirez-Ruiz}, E. and {van der Horst}, A.~J. and 
        {Watts}, A.~L. and {Finger}, M.~H. and {Gehrels}, N. and {Pe'er}, A. and 
        {van der Klis}, M. and {von Kienlin}, A. and {Wachter}, S. and 
        {Wilson-Hodge}, C.~A. and {Woods}, P.~M.},
    title = "{Magnetar Twists: Fermi/Gamma-Ray Burst Monitor Detection of SGR J1550-5418}",
  journal = {\apj},
archivePrefix = "arXiv",
   eprint = {0911.4636},
 primaryClass = "astro-ph.HE",
 keywords = {pulsars: individual: SGR J1550{\ndash}5418 1E 1547.0{\ndash}5408 PSR J1550-5418, stars: neutron, X-rays: bursts},
     year = 2010,
    month = feb,
   volume = 710,
    pages = {1335-1342},
      doi = {10.1088/0004-637X/710/2/1335},
   adsurl = {http://adsabs.harvard.edu/abs/2010ApJ...710.1335K},
  adsnote = {Provided by the SAO/NASA Astrophysics Data System}
}

@ARTICLE{ier+10,
   author = {{Israel}, G.~L. and {Esposito}, P. and {Rea}, N. and {Dall'Osso}, S. and 
        {Senziani}, F. and {Romano}, P. and {Mangano}, V. and {G{\"o}tz}, D. and 
        {Zane}, S. and {Tiengo}, A. and {Palmer}, D.~M. and {Krimm}, H. and 
        {Gehrels}, N. and {Mereghetti}, S. and {Stella}, L. and {Turolla}, R. and 
        {Campana}, S. and {Perna}, R. and {Angelini}, L. and {de Luca}, A.
        },
    title = "{The 2008 October Swift detection of X-ray bursts/outburst from the transient SGR-like AXP 1E1547.0-5408}",
  journal = {\mnras},
archivePrefix = "arXiv",
   eprint = {1006.2950},
 primaryClass = "astro-ph.HE",
 keywords = {stars: neutron, X-rays: bursts, X-rays: individual: 1E1547.0-5408},
     year = 2010,
    month = nov,
   volume = 408,
    pages = {1387-1395},
      doi = {10.1111/j.1365-2966.2010.17001.x},
   adsurl = {http://adsabs.harvard.edu/abs/2010MNRAS.408.1387I},
  adsnote = {Provided by the SAO/NASA Astrophysics Data System}
}


@ARTICLE{kh09,
   author = {{Kuiper}, L. and {Hermsen}, W.},
    title = "{High-energy characteristics of the schizophrenic pulsar PSR J1846-0258{\ensp}in Kes 75. Multi-year RXTE and INTEGRAL observations crossing the magnetar-like outburst}",
  journal = {\aap},
 keywords = {pulsars: individual: PSR J1846-0258{\amp}ensp, , pulsars: individual: PSR B1509-58, pulsars: individual: 4U 0142+61, pulsars: individual: 1RXS J170849-400910, X-rays: general, gamma rays: observations},
     year = 2009,
    month = jul,
   volume = 501,
    pages = {1031-1046},
      doi = {10.1051/0004-6361/200811580},
   adsurl = {http://adsabs.harvard.edu/abs/2009A%26A...501.1031K},
  adsnote = {Provided by the SAO/NASA Astrophysics Data System}
}

@INPROCEEDINGS{mgs07,
   author = {{Melikidze}, G.~I. and {Gil}, J. and {Szary}, A.},
    title = "{A model for unusual pulsed x-ray emission from PSR J1119-6127}",
booktitle = {WE-Heraeus Seminar on Neutron Stars and Pulsars 40 years after the Discovery},
     year = 2007,
   eprint = {arXiv:astro-ph/0612683},
   editor = "{W.~Becker \& H.~H.~Huang}",
    month = jan,
    pages = {157-+},
   adsurl = {http://ads.bao.ac.cn/abs/2007whsn.conf..157M},
  adsnote = {Provided by the SAO/NASA Astrophysics Data System}
}

@ARTICLE{khn87,
   author = {{Koyama}, K. and {Hoshi}, R. and {Nagase}, F.},
    title = "{X-ray observations of the extraordinary pulsar 1E 2259 + 586}",
  journal = {\pasj},
 keywords = {PULSARS, SUPERNOVA REMNANTS, X RAY ASTRONOMY, X RAY SPECTRA, NEUTRON STARS, PERIODIC VARIATIONS, STELLAR ENVELOPES, X RAY BINARIES},
     year = 1987,
   volume = 39,
    pages = {801-807},
   adsurl = {http://adsabs.harvard.edu/abs/1987PASJ...39..801K},
  adsnote = {Provided by the SAO/NASA Astrophysics Data System}
}

@ARTICLE{enr+09,
   author = {{Enoto}, T. and {Nakagawa}, Y.~E. and {Rea}, N. and {Esposito}, P. and 
	{G{\"o}tz}, D. and {Hurley}, K. and {Israel}, G.~L. and {Kokubun}, M. and 
	{Makishima}, K. and {Mereghetti}, S. and {Murakami}, H. and 
	{Nakazawa}, K. and {Sakamoto}, T. and {Stella}, L. and {Tiengo}, A. and 
	{Turolla}, R. and {Yamada}, S. and {Yamaoka}, K. and {Yoshida}, A. and 
	{Zane}, S.},
    title = "{Suzaku Observation of the New Soft Gamma Repeater SGR 0501+4516 in Outburst}",
  journal = {\apjl},
archivePrefix = "arXiv",
   eprint = {0901.3453},
 primaryClass = "astro-ph.HE",
 keywords = {pulsars: individual: SGR 0501+4516, stars: magnetic fields, X-rays: stars},
     year = 2009,
    month = mar,
   volume = 693,
    pages = {L122-L126},
      doi = {10.1088/0004-637X/693/2/L122},
   adsurl = {http://adsabs.harvard.edu/abs/2009ApJ...693L.122E},
  adsnote = {Provided by the SAO/NASA Astrophysics Data System}
}

@ARTICLE{eit+10,
   author = {{Esposito}, P. and {Israel}, G.~L. and {Turolla}, R. and {Tiengo}, A. and 
	{G{\"o}tz}, D. and {de Luca}, A. and {Mignani}, R.~P. and {Zane}, S. and 
	{Rea}, N. and {Testa}, V. and {Caraveo}, P.~A. and {Chaty}, S. and 
	{Mattana}, F. and {Mereghetti}, S. and {Pellizzoni}, A. and 
	{Romano}, P.},
    title = "{Early X-ray and optical observations of the soft gamma-ray repeater SGR0418+5729}",
  journal = {\mnras},
archivePrefix = "arXiv",
   eprint = {1002.3506},
 primaryClass = "astro-ph.HE",
 keywords = {stars: neutron, pulsars: general, X-rays: individual: SGR0418+5729},
     year = 2010,
    month = jul,
   volume = 405,
    pages = {1787-1795},
      doi = {10.1111/j.1365-2966.2010.16551.x},
   adsurl = {http://adsabs.harvard.edu/abs/2010MNRAS.405.1787E},
  adsnote = {Provided by the SAO/NASA Astrophysics Data System}
}

@ARTICLE{gcl+10,
   author = {{G{\"o}{\u g}{\"u}{\c s}}, E. and {Cusumano}, G. and {Levan}, A.~J. and 
	{Kouveliotou}, C. and {Sakamoto}, T. and {Barthelmy}, S.~D. and 
	{Campana}, S. and {Kaneko}, Y. and {Stappers}, B.~W. and {de Ugarte Postigo}, A. and 
	{Strohmayer}, T. and {Palmer}, D.~M. and {Gelbord}, J. and {Burrows}, D.~N. and 
	{van der Horst}, A.~J. and {Mu{\~n}oz-Darias}, T. and {Gehrels}, N. and 
	{Hessels}, J.~W.~T. and {Kamble}, A.~P. and {Wachter}, S. and 
	{Wiersema}, K. and {Wijers}, R.~A.~M.~J. and {Woods}, P.~M.},
    title = "{Discovery of a New Soft Gamma Repeater, SGR J1833-0832}",
  journal = {\apj},
archivePrefix = "arXiv",
   eprint = {1005.3029},
 primaryClass = "astro-ph.HE",
 keywords = {pulsars: individual: SGR J1833{\ndash}0832, X-rays: bursts},
     year = 2010,
    month = jul,
   volume = 718,
    pages = {331-339},
      doi = {10.1088/0004-637X/718/1/331},
   adsurl = {http://adsabs.harvard.edu/abs/2010ApJ...718..331G},
  adsnote = {Provided by the SAO/NASA Astrophysics Data System}
}

@INPROCEEDINGS{ogg08,
   author = {{{\"O}zel}, F. and {G{\"u}ver}, T. and {G{\"o}{\u g}{\"u}{\c s}}, E.
	},
    title = "{The Magnetic Fields of Anomalous X-ray Pulsars}",
 keywords = {Pulsars, Neutron stars, X-ray sources; X-ray bursts, Electric and magnetic fields, solar magnetism},
booktitle = {40 Years of Pulsars: Millisecond Pulsars, Magnetars and More},
     year = 2008,
   series = {American Institute of Physics Conference Series},
   volume = 983,
archivePrefix = "arXiv",
   eprint = {0712.0009},
   editor = "{C.~Bassa, Z.~Wang, A.~Cumming, \& V.~M.~Kaspi}",
    month = feb,
    pages = {254-258},
      doi = {10.1063/1.2900155},
   adsurl = {http://adsabs.harvard.edu/abs/2008AIPC..983..254O},
  adsnote = {Provided by the SAO/NASA Astrophysics Data System}
}

@ARTICLE{gog08,
   author = {{G{\"u}ver}, T. and {{\"O}zel}, F. and {G{\"o}{\u g}{\"u}{\c s}}, E.
	},
    title = "{Physical Properties of the AXP 4U 0142+61 from X-Ray Spectral Analysis}",
  journal = {\apj},
archivePrefix = "arXiv",
   eprint = {0705.3982},
 keywords = {Stars: Pulsars: Individual: Alphanumeric: 4U 0142+61, Stars: Neutron, X-Rays: Stars},
     year = 2008,
    month = mar,
   volume = 675,
    pages = {1499-1504},
      doi = {10.1086/525840},
   adsurl = {http://adsabs.harvard.edu/abs/2008ApJ...675.1499G},
  adsnote = {Provided by the SAO/NASA Astrophysics Data System}
}

@ARTICLE{rit+09,
   author = {{Rea}, N. and {Israel}, G.~L. and {Turolla}, R. and {Esposito}, P. and {Mereghetti}, S. and {G{\"o}tz}, D. and {Zane}, S. and {Tiengo}, A. and {Hurley}, K. and {Feroci}, M. and {Still}, M. and {Yershov}, V. and {Winkler}, C. and {Perna}, R. and {Bernardini}, F. and {Ubertini}, P. and {Stella}, L. and {Campana}, S. and {van der Klis}, M. and {Woods}, P. },
    title = "{The first outburst of the new magnetar candidate SGR0501+4516}",
  journal = {\mnras},
 keywords = {pulsars: general , pulsars: individual: SGR0501+4516},
     year = 2009,
    month = jul,
   volume = 396,
    pages = {2419-2432},
      doi = {10.1111/j.1365-2966.2009.14920.x},
   adsurl = {http://adsabs.harvard.edu/abs/2009MNRAS.396.2419R},
  adsnote = {Provided by the SAO/NASA Astrophysics Data System}
}

@INPROCEEDINGS{tur09,
   author = {{Turolla}, R.},
    title = "{Isolated Neutron Stars: The Challenge of Simplicity}",
booktitle = {Astrophysics and Space Science Library},
     year = 2009,
   editor = "{W.~Becker}",
   volume = 357,
    pages = {141},
      doi = {10.1007/978-3-540-76965-1_7},
   adsurl = {http://adsabs.harvard.edu/abs/2009ASSL..357..141T},
  adsnote = {Provided by the SAO/NASA Astrophysics Data System}
}

@ARTICLE{slg+72,
   author = {{Schreier}, E. and {Levinson}, R. and {Gursky}, H. and {Kellogg}, E. and 
	{Tananbaum}, H. and {Giacconi}, R.},
    title = "{Evidence for the Binary Nature of Centaurus X-3 from UHURU X-Ray Observations.}",
  journal = {\apjl},
     year = 1972,
    month = mar,
   volume = 172,
    pages = {L79+},
      doi = {10.1086/180896},
   adsurl = {http://adsabs.harvard.edu/abs/1972ApJ...172L..79S},
  adsnote = {Provided by the SAO/NASA Astrophysics Data System}
}

@ARTICLE{tgk+72a,
   author = {{Tananbaum}, H. and {Gursky}, H. and {Kellogg}, E.~M. and {Levinson}, R. and 
	{Schreier}, E. and {Giacconi}, R.},
    title = "{Discovery of a Periodic Pulsating Binary X-Ray Source in Hercules from UHURU}",
  journal = {\apjl},
     year = 1972,
    month = jun,
   volume = 174,
    pages = {L143+},
      doi = {10.1086/180968},
   adsurl = {http://adsabs.harvard.edu/abs/1972ApJ...174L.143T},
  adsnote = {Provided by the SAO/NASA Astrophysics Data System}
}

@ARTICLE{lhk+10,
   author = {{Lyne}, A. and {Hobbs}, G. and {Kramer}, M. and {Stairs}, I. and 
	{Stappers}, B.},
    title = "{Switched Magnetospheric Regulation of Pulsar Spin-Down}",
  journal = {Science},
archivePrefix = "arXiv",
   eprint = {1006.5184},
 primaryClass = "astro-ph.GA",
     year = 2010,
    month = jul,
   volume = 329,
    pages = {408-},
      doi = {10.1126/science.1186683},
   adsurl = {http://adsabs.harvard.edu/abs/2010Sci...329..408L},
  adsnote = {Provided by the SAO/NASA Astrophysics Data System}
}

@BOOK{ace+87,
   author = {{Aschenbach}, B. and {Citterio}, O. and {Ellwood}, J.~M. and 
	{Jensen}, P. and {Dekorte}, P. and {Peacock}, A. and {Willingale}, R.
	},
    title = "{The high throughput X-ray Spectroscopy Mission. Report of the Telescope Working Group}",
 keywords = {EUROPEAN SPACE PROGRAMS, SPACEBORNE ASTRONOMY, SPECTROSCOPIC TELESCOPES, X RAY TELESCOPES, MANUFACTURING, PRODUCT DEVELOPMENT, SPATIAL RESOLUTION},
booktitle = {Unknown},
     year = 1987,
    month = feb,
    pages = {53-+},
   adsurl = {http://adsabs.harvard.edu/abs/1987QB472.A1H53....},
  adsnote = {Provided by the SAO/NASA Astrophysics Data System}
}

@ARTICLE{dbk+01,
   author = {{den Herder}, J.~W. and {Brinkman}, A.~C. and {Kahn}, S.~M. and 
	{Branduardi-Raymont}, G. and {Thomsen}, K. and {Aarts}, H. and 
	{Audard}, M. and {Bixler}, J.~V. and {den Boggende}, A.~J. and 
	{Cottam}, J. and {Decker}, T. and {Dubbeldam}, L. and {Erd}, C. and 
	{Goulooze}, H. and {G{\"u}del}, M. and {Guttridge}, P. and {Hailey}, C.~J. and 
	{Janabi}, K.~A. and {Kaastra}, J.~S. and {de Korte}, P.~A.~J. and 
	{van Leeuwen}, B.~J. and {Mauche}, C. and {McCalden}, A.~J. and 
	{Mewe}, R. and {Naber}, A. and {Paerels}, F.~B. and {Peterson}, J.~R. and 
	{Rasmussen}, A.~P. and {Rees}, K. and {Sakelliou}, I. and {Sako}, M. and 
	{Spodek}, J. and {Stern}, M. and {Tamura}, T. and {Tandy}, J. and 
	{de Vries}, C.~P. and {Welch}, S. and {Zehnder}, A.},
    title = "{The Reflection Grating Spectrometer on board XMM-Newton}",
  journal = {\aap},
     year = 2001,
    month = jan,
   volume = 365,
    pages = {L7-L17},
      doi = {10.1051/0004-6361:20000058},
   adsurl = {http://adsabs.harvard.edu/abs/2001A%26A...365L...7D},
  adsnote = {Provided by the SAO/NASA Astrophysics Data System}
}

@ARTICLE{rzt+08,
   author = {{Rea}, N. and {Zane}, S. and {Turolla}, R. and {Lyutikov}, M. and 
	{G{\"o}tz}, D.},
    title = "{Resonant Cyclotron Scattering in Magnetars' Emission}",
  journal = {\apj},
archivePrefix = "arXiv",
   eprint = {0802.1923},
 keywords = {Radiation Mechanisms: Nonthermal, Stars: Magnetic Fields, Stars: Neutron, X-rays: individual (4U 0142+614), X-rays: individual (1RXS J1708-4009), X-rays: individual (1E 1841-045), X-Rays: Individual: Alphanumeric: 1E 2259+586, X-rays: individual (1E 1048-5937), X-rays: individual (XTE J1810-197), X-rays: individual (1E 1547.0-5408), X-rays: individual (CXOU J1647-4552), X-rays: individual (SGR 1806-20), X-rays: individual (SGR 1900+14)},
     year = 2008,
    month = oct,
   volume = 686,
    pages = {1245-1260},
      doi = {10.1086/591264},
   adsurl = {http://adsabs.harvard.edu/abs/2008ApJ...686.1245R},
  adsnote = {Provided by the SAO/NASA Astrophysics Data System}
}

@ARTICLE{ert+11,
   author = {{Esposito}, P. and {Rea}, N. and {Turolla}, R. and {Israel}, G.~L. and 
        {Zane}, S. and {Stella}, L. and {Kouveliotou}, C. and {Mereghetti}, S. and 
        {Tiengo}, A. and {Gotz}, D. and {Gogus}, E.},
    title = "{SGR 0418+5729: a low-magnetic-field magnetar}",
  journal = {ArXiv:1101.2299},
archivePrefix = "arXiv",
   eprint = {1101.2299},
 primaryClass = "astro-ph.HE",
 keywords = {Astrophysics - High Energy Astrophysical Phenomena},
     year = 2011,
    month = jan,
   adsurl = {http://adsabs.harvard.edu/abs/2011arXiv1101.2299E},
  adsnote = {Provided by the SAO/NASA Astrophysics Data System}
}


@ARTICLE{nk10,
   author = {{Ng}, C.-Y. and {Kaspi}, V.~M.},
    title = "{High Magnetic Field Rotation-powered Pulsars}",
  journal = {ArXiv:1010.4592},
archivePrefix = "arXiv",
   eprint = {1010.4592},
 primaryClass = "astro-ph.HE",
 keywords = {Astrophysics - High Energy Astrophysical Phenomena},
     year = 2010,
    month = oct,
   adsurl = {http://adsabs.harvard.edu/abs/2010arXiv1010.4592N},
  adsnote = {Provided by the SAO/NASA Astrophysics Data System}
}

@ARTICLE{gkpg06,
   author = {{Gonzalez}, M.~E. and {Kaspi}, V.~M. and {Pivovaroff}, M.~J. and 
        {Gaensler}, B.~M.},
    title = "{Chandra and XMM-Newton Observations of the Vela-like Pulsar B1046-58}",
  journal = {\apj},
   eprint = {arXiv:astro-ph/0610523},
 keywords = {Stars: Pulsars: General, Stars: Pulsars: Individual: Alphanumeric: PSR B1046-58, X-Rays: General},
     year = 2006,
    month = nov,
   volume = 652,
    pages = {569-575},
      doi = {10.1086/507125},
   adsurl = {http://adsabs.harvard.edu/abs/2006ApJ...652..569G},
  adsnote = {Provided by the SAO/NASA Astrophysics Data System}
}

@ARTICLE{mpg08,
   author = {{Misanovic}, Z. and {Pavlov}, G.~G. and {Garmire}, G.~P.},
    title = "{Chandra Observations of the Pulsar B1929+10 and Its Environment}",
  journal = {\apj},
archivePrefix = "arXiv",
   eprint = {0711.4171},
 keywords = {Stars: Pulsars: Individual: Alphanumeric: PSR B1929+10, Stars: Neutron, X-Rays: Stars},
     year = 2008,
    month = oct,
   volume = 685,
    pages = {1129-1142},
      doi = {10.1086/590949},
   adsurl = {http://adsabs.harvard.edu/abs/2008ApJ...685.1129M},
  adsnote = {Provided by the SAO/NASA Astrophysics Data System}
}

@ARTICLE{zkm+11,
   author = {{Zhu}, W.~W. and {Kaspi}, V.~M. and {McLaughlin}, M.~A. and 
	{Pavlov}, G.~G. and {Ng}, C.-Y. and {Manchester}, R.~N. and 
	{Gaensler}, B.~M. and {Woods}, P.~M.},
    title = "{Chandra Observations of the High-magnetic-field Radio Pulsar J1718{\ndash}3718}",
  journal = {\apj},
archivePrefix = "arXiv",
   eprint = {1011.5697},
 primaryClass = "astro-ph.HE",
 keywords = {pulsars: individual: PSR J1718{\ndash}3718, stars: neutron, X-rays: stars},
     year = 2011,
    month = jun,
   volume = 734,
    pages = {44-+},
      doi = {10.1088/0004-637X/734/1/44},
   adsurl = {http://adsabs.harvard.edu/abs/2011ApJ...734...44Z},
  adsnote = {Provided by the SAO/NASA Astrophysics Data System}
}


@ARTICLE{mab+99,
   author = {{Mazets}, E.~P. and {Aptekar}, R.~L. and {Butterworth}, P.~S. and 
	{Cline}, T.~L. and {Frederiks}, D.~D. and {Golenetskii}, S.~V. and 
	{Hurley}, K. and {Il'Inskii}, V.~N.},
    title = "{Unusual Burst Emission from the New Soft Gamma Repeater SGR 1627-41}",
  journal = {\apjl},
   eprint = {arXiv:astro-ph/9902292},
 keywords = {GAMMA RAYS: BURSTS, STARS: NEUTRON},
     year = 1999,
    month = jul,
   volume = 519,
    pages = {L151-L153},
      doi = {10.1086/312118},
   adsurl = {http://adsabs.harvard.edu/abs/1999ApJ...519L.151M},
  adsnote = {Provided by the SAO/NASA Astrophysics Data System}
}

@ARTICLE{re11,
   author = {{Rea}, N. and {Esposito}, P.},
    title = "{Magnetar outbursts: an observational review}",
  journal = {ArXiv:astro-ph/1101.4472},
archivePrefix = "arXiv",
   eprint = {1101.4472},
 primaryClass = "astro-ph.GA",
 keywords = {Astrophysics - Galaxy Astrophysics, Astrophysics - High Energy Astrophysical Phenomena},
     year = 2011,
    month = jan,
   adsurl = {http://adsabs.harvard.edu/abs/2011arXiv1101.4472R},
  adsnote = {Provided by the SAO/NASA Astrophysics Data System}
}

@INPROCEEDINGS{dkg08a,
   author = {{Dib}, R. and {Kaspi}, V.~M. and {Gavriil}, F.~P.},
    title = "{10 Years of RXTE Monitoring of Five Anomalous X-Ray Pulsars}",
 keywords = {Pulsars, Neutron stars, X-ray sources; X-ray bursts, Time series analysis, time variability},
booktitle = {40 Years of Pulsars: Millisecond Pulsars, Magnetars and More},
     year = 2008,
   series = {American Institute of Physics Conference Series},
   volume = 983,
   editor = "{C.~Bassa, Z.~Wang, A.~Cumming, \& V.~M.~Kaspi}",
    month = feb,
    pages = {262-264},
      doi = {10.1063/1.2900157},
   adsurl = {http://adsabs.harvard.edu/abs/2008AIPC..983..262D},
  adsnote = {Provided by the SAO/NASA Astrophysics Data System}
}

@PHDTHESIS{dib09,
   author = {{Dib}, R.},
    title = "{RXTE monitoring of 5 anomalous x-ray pulsars}",
 keywords = {Pulsars, Anomalous x-ray pulsars, Neutron stars},
   school = {McGill University (Canada)},
     year = 2009,
    month = sep,
   adsurl = {http://adsabs.harvard.edu/abs/2009PhDT........13D},
  adsnote = {Provided by the SAO/NASA Astrophysics Data System}
}

@ARTICLE{alp07,
   author = {{Alpar}, M.~A.},
    title = "{Dim isolated neutron stars, cooling and energy dissipation}",
  journal = {\apss},
   eprint = {arXiv:astro-ph/0609180},
     year = 2007,
    month = apr,
   volume = 308,
    pages = {133-136},
      doi = {10.1007/s10509-007-9376-0},
   adsurl = {http://adsabs.harvard.edu/abs/2007Ap%26SS.308..133A},
  adsnote = {Provided by the SAO/NASA Astrophysics Data System}
}

@ARTICLE{kel95,
   author = {{Keller}, C. U.},
    title = "{X-rays from the Sun}",
  journal = {Cell Mole Life Sci},
     year = 1995,
   volume = 51,
    pages = {710},
      doi = {10.1007/BF01941268},
}

@ARTICLE{shk67,
   author = {{Shklovsky}, I.~S.},
    title = "{On the Nature of the Source of X-Ray Emission of SCO XR-1.}",
  journal = {\apjl},
     year = 1967,
    month = apr,
   volume = 148,
    pages = {L1+},
      doi = {10.1086/180001},
   adsurl = {http://adsabs.harvard.edu/abs/1967ApJ...148L...1S},
  adsnote = {Provided by the SAO/NASA Astrophysics Data System}
}

@ARTICLE{fjc+78,
   author = {{Forman}, W. and {Jones}, C. and {Cominsky}, L. and {Julien}, P. and 
	{Murray}, S. and {Peters}, G. and {Tananbaum}, H. and {Giacconi}, R.
	},
    title = "{The fourth Uhuru catalog of X-ray sources.}",
  journal = {\apjs},
 keywords = {Catalogues:X-Ray Sources},
     year = 1978,
    month = dec,
   volume = 38,
    pages = {357-412},
      doi = {10.1086/190561},
   adsurl = {http://adsabs.harvard.edu/abs/1978ApJS...38..357F},
  adsnote = {Provided by the SAO/NASA Astrophysics Data System}
}

@ARTICLE{gbb+79,
   author = {{Giacconi}, R. and {Branduardi}, G. and {Briel}, U. and {Epstein}, A. and 
	{Fabricant}, D. and {Feigelson}, E. and {Forman}, W. and {Gorenstein}, P. and 
	{Grindlay}, J. and {Gursky}, H. and {Harnden}, F.~R. and {Henry}, J.~P. and 
	{Jones}, C. and {Kellogg}, E. and {Koch}, D. and {Murray}, S. and 
	{Schreier}, E. and {Seward}, F. and {Tananbaum}, H. and {Topka}, K. and 
	{Van Speybroeck}, L. and {Holt}, S.~S. and {Becker}, R.~H. and 
	{Boldt}, E.~A. and {Serlemitsos}, P.~J. and {Clark}, G. and 
	{Canizares}, C. and {Markert}, T. and {Novick}, R. and {Helfand}, D. and 
	{Long}, K.},
    title = "{The Einstein /HEAO 2/ X-ray Observatory}",
  journal = {\apj},
 keywords = {HEAO 2, SPACEBORNE ASTRONOMY, X RAY ASTRONOMY, CAMERAS, FOCAL PLANE DEVICES, HIGH RESOLUTION, PROPORTIONAL COUNTERS, SPACEBORNE TELESCOPES, SPACECRAFT INSTRUMENTS, SPECTROMETERS},
     year = 1979,
    month = jun,
   volume = 230,
    pages = {540-550},
      doi = {10.1086/157110},
   adsurl = {http://adsabs.harvard.edu/abs/1979ApJ...230..540G},
  adsnote = {Provided by the SAO/NASA Astrophysics Data System}
}

@ARTICLE{gsk+72,
   author = {{Gursky}, H. and {Solinger}, A. and {Kellogg}, E.~M. and {Murray}, S. and 
	{Tananbaum}, H. and {Giacconi}, R. and {Cavaliere}, A.},
    title = "{X-Ray Emission from Rich Clusters of Galaxies}",
  journal = {\apjl},
     year = 1972,
    month = may,
   volume = 173,
    pages = {L99+},
      doi = {10.1086/180926},
   adsurl = {http://adsabs.harvard.edu/abs/1972ApJ...173L..99G},
  adsnote = {Provided by the SAO/NASA Astrophysics Data System}
}

@ARTICLE{tru93,
   author = {{Truemper}, J.},
    title = "{ROSAT - A new look at the X-ray sky}",
  journal = {Science},
 keywords = {BLACK HOLES (ASTRONOMY), NEUTRON STARS, ROSAT MISSION, SKY SURVEYS (ASTRONOMY), X RAY ASTRONOMY, MAGNETIC FIELDS, PARTICLE INTERACTIONS, RELATIVISTIC PARTICLES, UNIVERSE},
     year = 1993,
    month = jun,
   volume = 260,
    pages = {1769-1771},
      doi = {10.1126/science.260.5115.1769},
   adsurl = {http://adsabs.harvard.edu/abs/1993Sci...260.1769T},
  adsnote = {Provided by the SAO/NASA Astrophysics Data System}
}

@INPROCEEDINGS{nustar,
   author = {{Harrison}, F.~A. and {Boggs}, S. and {Christensen}, F. and 
	{Craig}, W. and {Hailey}, C. and {Stern}, D. and {Zhang}, W. and 
	{Angelini}, L. and {An}, H. and {Bhalereo}, V. and {Brejnholt}, N. and 
	{Cominsky}, L. and {Cook}, W.~R. and {Doll}, M. and {Giommi}, P. and 
	{Grefenstette}, B. and {Hornstrup}, A. and {Kaspi}, V. and {Kim}, Y. and 
	{Kitaguchi}, T. and {Koglin}, J. and {Liebe}, C.~C. and {Madejski}, G. and 
	{Kruse Madsen}, K. and {Mao}, P. and {Meier}, D. and {Miyasaka}, H. and 
	{Mori}, K. and {Perri}, M. and {Pivovaroff}, M. and {Puccetti}, S. and 
	{Rana}, V. and {Zoglauer}, A.},
    title = "{The Nuclear Spectroscopic Telescope Array (NuSTAR)}",
booktitle = {Society of Photo-Optical Instrumentation Engineers (SPIE) Conference Series},
     year = 2010,
   series = {Society of Photo-Optical Instrumentation Engineers (SPIE) Conference Series},
   volume = 7732,
archivePrefix = "arXiv",
   eprint = {1008.1362},
 primaryClass = "astro-ph.IM",
    month = jul,
      doi = {10.1117/12.858065},
   adsurl = {http://adsabs.harvard.edu/abs/2010SPIE.7732E..21H},
  adsnote = {Provided by the SAO/NASA Astrophysics Data System}
}


@ARTICLE{wol52,
   author = {{Wolter}, H.},
    title = "{Glancing Incidence Mirror Systems as Imaging Optics for X-rays}",
  journal = {Ann. Physik},
     year = 1952,
   volume = 10,
    pages = {94},
}


@BOOK{smi95,
   author = {{Smith}, R. C. },
booktitle = {Observational Astrophysics},
     year = 1995,
}

@ARTICLE{xteasm,
   author = {{Levine}, A.~M. and {Bradt}, H. and {Cui}, W. and {Jernigan}, J.~G. and 
	{Morgan}, E.~H. and {Remillard}, R. and {Shirey}, R.~E. and 
	{Smith}, D.~A.},
    title = "{First Results from the All-Sky Monitor on the Rossi X-Ray Timing Explorer}",
  journal = {\apjl},
   eprint = {arXiv:astro-ph/9608109},
 keywords = {INSTRUMENTATION: DETECTORS, X-RAYS: GENERAL, X-RAYS: STARS},
     year = 1996,
    month = sep,
   volume = 469,
    pages = {L33+},
      doi = {10.1086/310260},
   adsurl = {http://adsabs.harvard.edu/abs/1996ApJ...469L..33L},
  adsnote = {Provided by the SAO/NASA Astrophysics Data System}
}

@ARTICLE{gp76,
   author = {{Gunson}, J. and {Polychronopulos}, B.},
    title = "{Optimum design of a coded mask X-ray telescope for rocket applications}",
  journal = {\mnras},
 keywords = {IMAGING TECHNIQUES, ROCKET-BORNE INSTRUMENTS, SHADOWGRAPH PHOTOGRAPHY, X RAY ASTRONOMY, X RAY TELESCOPES, AUTOCORRELATION, COLLIMATION, COMPUTERIZED SIMULATION, DESIGN ANALYSIS, HIGH RESOLUTION},
     year = 1976,
    month = dec,
   volume = 177,
    pages = {485-497},
   adsurl = {http://adsabs.harvard.edu/abs/1976MNRAS.177..485G},
  adsnote = {Provided by the SAO/NASA Astrophysics Data System}
}

@ARTICLE{fc78,
   author = {{Fenimore}, E.~E. and {Cannon}, T.~M.},
    title = "{Coded aperture imaging with uniformly redundant arrays}",
  journal = {\ao},
 keywords = {APERTURES, IMAGE PROCESSING, IMAGING TECHNIQUES, SYNTHETIC ARRAYS, ANGULAR RESOLUTION, COMPUTERIZED SIMULATION, CORRELATION DETECTION, POINT SOURCES, RANDOM PROCESSES, REDUNDANCY, SIDELOBES, SIGNAL TO NOISE RATIOS, TOMOGRAPHY, X RAY ASTRONOMY},
     year = 1978,
    month = feb,
   volume = 17,
    pages = {337-347},
      doi = {10.1364/AO.17.000337},
   adsurl = {http://adsabs.harvard.edu/abs/1978ApOpt..17..337F},
  adsnote = {Provided by the SAO/NASA Astrophysics Data System}
}

@ARTICLE{bes98,
   author = {{Busboom}, A. and {Elders-Boll}, H. and {Schotten}, H.~D.},
    title = "{Uniformly Redundant Arrays}",
  journal = {Experimental Astronomy},
 keywords = {CODED APERTURE IMAGING, CORRELATION ARRAYS, GAMMA-RAY IMAGING, X-RAY IMAGING},
     year = 1998,
   volume = 8,
    pages = {97-123},
   adsurl = {http://adsabs.harvard.edu/abs/1998ExA.....8...97B},
  adsnote = {Provided by the SAO/NASA Astrophysics Data System}
}

@ARTICLE{bh73,
   author = {{Barrett}, H.~H. and {Horrigan}, F.~A.},
    title = "{Fresnel zone plate imaging of gamma rays; theory.}",
  journal = {\ao},
     year = 1973,
   volume = 12,
    pages = {2686-2702},
      doi = {10.1364/AO.12.002686},
   adsurl = {http://adsabs.harvard.edu/abs/1973ApOpt..12.2686B},
  adsnote = {Provided by the SAO/NASA Astrophysics Data System}
}

@ARTICLE{FITS,
   author = {{Wells}, D.~C. and {Greisen}, E.~W. and {Harten}, R.~H.},
    title = "{FITS - a Flexible Image Transport System}",
  journal = {\aaps},
     year = 1981,
    month = jun,
   volume = 44,
    pages = {363},
   adsurl = {http://adsabs.harvard.edu/abs/1981A%26AS...44..363W},
  adsnote = {Provided by the SAO/NASA Astrophysics Data System}
}


@ARTICLE{xspec,
   author = {{Arnaud}, K.~A. and {George}, I.~M. and {Tennant}, A.~F.},
  journal = {Legacy},
     year = 1992,
   volume = 2,
    pages = {65}
}

@ARTICLE{gdk+10,
   author = {{Gonzalez}, M.~E. and {Dib}, R. and {Kaspi}, V.~M. and {Woods}, P.~M. and 
	{Tam}, C.~R. and {Gavriil}, F.~P.},
    title = "{Long-term X-ray Changes in the Emission from the Anomalous X-ray Pulsar 4U 0142+61}",
  journal = {\apj},
archivePrefix = "arXiv",
   eprint = {0708.2756},
 keywords = {pulsars: general, pulsars: individual: 4U 0142+61, stars: neutron},
     year = 2010,
    month = jun,
   volume = 716,
    pages = {1345-1355},
      doi = {10.1088/0004-637X/716/2/1345},
   adsurl = {http://adsabs.harvard.edu/abs/2010ApJ...716.1345G},
  adsnote = {Provided by the SAO/NASA Astrophysics Data System}
}

@ARTICLE{wkga11,
   author = {{Woods}, P.~M. and {Kaspi}, V.~M. and {Gavriil}, F.~P. and {Airhart}, C.
	},
    title = "{The 2006 Outburst of the Magnetar CXOU J164710.2 - 455216}",
  journal = {\apj},
archivePrefix = "arXiv",
   eprint = {1006.5487},
 primaryClass = "astro-ph.HE",
 keywords = {pulsars: individual: CXOU J164710.2-455216, stars: individual: CXOU J164710.2-455216, stars: magnetars, stars: neutron},
     year = 2011,
    month = jan,
   volume = 726,
    pages = {37-+},
      doi = {10.1088/0004-637X/726/1/37},
   adsurl = {http://adsabs.harvard.edu/abs/2011ApJ...726...37W},
  adsnote = {Provided by the SAO/NASA Astrophysics Data System}
}


@ARTICLE{hgr+08,
   author = {{Halpern}, J.~P. and {Gotthelf}, E.~V. and {Reynolds}, J. and 
	{Ransom}, S.~M. and {Camilo}, F.},
    title = "{Outburst of the 2 s Anomalous X-Ray Pulsar 1E 1547.0-5408}",
  journal = {\apj},
archivePrefix = "arXiv",
   eprint = {0711.3780},
 keywords = {ISM: individual (G327.24-0.13), pulsars: individual (1E 1547.0-5408), pulsars: individual (PSR J1550-5418), Stars: Pulsars: Individual: Alphanumeric: XTE J1810-197, Stars: Neutron},
     year = 2008,
    month = apr,
   volume = 676,
    pages = {1178-1183},
      doi = {10.1086/527293},
   adsurl = {http://adsabs.harvard.edu/abs/2008ApJ...676.1178H},
  adsnote = {Provided by the SAO/NASA Astrophysics Data System}
}

@ARTICLE{zat+11,
   author = {{Zane}, S. and {Albano}, A. and {Turolla}, R. and {Israel}, G.~L. and 
	{Nobili}, L. and {Stella}, L.},
    title = "{Modelling lightcurves and spectra of transient Anomalous X-ray Pulsars}",
  journal = {ArXiv e-prints},
archivePrefix = "arXiv",
   eprint = {1103.0955},
 primaryClass = "astro-ph.HE",
 keywords = {Astrophysics - High Energy Astrophysical Phenomena},
     year = 2011,
    month = mar,
   adsurl = {http://adsabs.harvard.edu/abs/2011arXiv1103.0955Z},
  adsnote = {Provided by the SAO/NASA Astrophysics Data System}
}

@ARTICLE{ks10,
   author = {{Kumar}, H.~S. and {Safi-Harb}, S.},
    title = "{Swift Study of the First Soft {$\gamma$}-ray Repeater Like Burst from AXP 1E 1841-045 in SNR Kes 73}",
  journal = {\apjl},
archivePrefix = "arXiv",
   eprint = {1011.3537},
 primaryClass = "astro-ph.HE",
 keywords = {pulsars: individual: 1E 1841{\ndash}045, stars: neutron, X-rays: bursts},
     year = 2010,
    month = dec,
   volume = 725,
    pages = {L191-L195},
      doi = {10.1088/2041-8205/725/2/L191},
   adsurl = {http://adsabs.harvard.edu/abs/2010ApJ...725L.191K},
  adsnote = {Provided by the SAO/NASA Astrophysics Data System}
}


@ARTICLE{ret+10,
   author = {{Rea}, N. and {Esposito}, P. and {Turolla}, R. and {Israel}, G.~L. and 
        {Zane}, S. and {Stella}, L. and {Mereghetti}, S. and {Tiengo}, A. and 
        {G{\"o}tz}, D. and {G{\"o}{\u g}{\"u}{\c s}}, E. and {Kouveliotou}, C.
        },
    title = "{A Low-Magnetic-Field Soft Gamma Repeater}",
  journal = {Science},
archivePrefix = "arXiv",
   eprint = {1010.2781},
 primaryClass = "astro-ph.HE",
     year = 2010,
    month = nov,
   volume = 330,
    pages = {944-},
      doi = {10.1126/science.1196088},
   adsurl = {http://adsabs.harvard.edu/abs/2010Sci...330..944R},
  adsnote = {Provided by the SAO/NASA Astrophysics Data System}
}

@ARTICLE{vck+10,
   author = {{van der Horst}, A.~J. and {Connaughton}, V. and {Kouveliotou}, C. and 
        {G{\"o}{\u g}{\"u}{\c s}}, E. and {Kaneko}, Y. and {Wachter}, S. and 
        {Briggs}, M.~S. and {Granot}, J. and {Ramirez-Ruiz}, E. and 
        {Woods}, P.~M. and {Aptekar}, R.~L. and {Barthelmy}, S.~D. and 
        {Cummings}, J.~R. and {Finger}, M.~H. and {Frederiks}, D.~D. and 
        {Gehrels}, N. and {Gelino}, C.~R. and {Gelino}, D.~M. and {Golenetskii}, S. and 
        {Hurley}, K. and {Krimm}, H.~A. and {Mazets}, E.~P. and {McEnery}, J.~E. and 
        {Meegan}, C.~A. and {Oleynik}, P.~P. and {Palmer}, D.~M. and 
        {Pal'shin}, V.~D. and {Pe'er}, A. and {Svinkin}, D. and {Ulanov}, M.~V. and 
        {van der Klis}, M. and {von Kienlin}, A. and {Watts}, A.~L. and 
        {Wilson-Hodge}, C.~A.},
    title = "{Discovery of a New Soft Gamma Repeater: SGR J0418 + 5729}",
  journal = {\apjl},
archivePrefix = "arXiv",
   eprint = {0911.5544},
 primaryClass = "astro-ph.HE",
 keywords = {pulsars: individual: SGR J0418+5729, stars: neutron, X-rays: bursts},
     year = 2010,
    month = mar,
   volume = 711,
    pages = {L1-L6},
      doi = {10.1088/2041-8205/711/1/L1},
   adsurl = {http://adsabs.harvard.edu/abs/2010ApJ...711L...1V},
  adsnote = {Provided by the SAO/NASA Astrophysics Data System}
}

@ARTICLE{dkg09,
   author = {{Dib}, R. and {Kaspi}, V.~M. and {Gavriil}, F.~P.},
    title = "{Rossi X-Ray Timing Explorer Monitoring of the Anomalous X-ray Pulsar 1E 1048.1 - 5937: Long-term Variability and the 2007 March Event}",
  journal = {\apj},
archivePrefix = "arXiv",
   eprint = {0811.2659},
 keywords = {pulsars: individual: 1E 1048.1 {\ndash} 5937, stars: neutron, X-rays: stars},
     year = 2009,
    month = sep,
   volume = 702,
    pages = {614-630},
      doi = {10.1088/0004-637X/702/1/614},
   adsurl = {http://adsabs.harvard.edu/abs/2009ApJ...702..614D},
  adsnote = {Provided by the SAO/NASA Astrophysics Data System}
}


@ARTICLE{jos79,
   author = {{Joseph}, W.},
    title = "{Microchannel plate detectors}",
  journal = {Nuclear Instrument and Methods},
     year = 1979,
   volume = 162,
    pages = {587-601},
}


@INPROCEEDINGS{zck+95,
   author = {{Zombeck}, M.~V. and {Chappell}, J.~H. and {Kenter}, A.~T. and 
	{Moore}, R.~W. and {Murray}, S.~S. and {Fraser}, G.~W. and {Serio}, S.
	},
    title = "{High-resolution camera (HRC) on the Advanced X-Ray Astrophysics Facility (AXAF)}",
booktitle = {Society of Photo-Optical Instrumentation Engineers (SPIE) Conference Series},
     year = 1995,
   series = {Society of Photo-Optical Instrumentation Engineers (SPIE) Conference Series},
   volume = 2518,
   editor = "{O.~H.~Siegmund \& J.~V.~Vallerga}",
    month = sep,
    pages = {96-106},
   adsurl = {http://adsabs.harvard.edu/abs/1995SPIE.2518...96Z},
  adsnote = {Provided by the SAO/NASA Astrophysics Data System}
}

@ARTICLE{swiftbat,
   author = {{Barthelmy}, S.~D. and {Barbier}, L.~M. and {Cummings}, J.~R. and 
	{Fenimore}, E.~E. and {Gehrels}, N. and {Hullinger}, D. and 
	{Krimm}, H.~A. and {Markwardt}, C.~B. and {Palmer}, D.~M. and 
	{Parsons}, A. and {Sato}, G. and {Suzuki}, M. and {Takahashi}, T. and 
	{Tashiro}, M. and {Tueller}, J.},
    title = "{The Burst Alert Telescope (BAT) on the SWIFT Midex Mission}",
  journal = {\ssr},
   eprint = {arXiv:astro-ph/0507410},
 keywords = {gamma-ray, GRB, hard X-ray, survey, burst, afterglow, CZT, coded aperture, astrophysics, cosmology},
     year = 2005,
    month = oct,
   volume = 120,
    pages = {143-164},
      doi = {10.1007/s11214-005-5096-3},
   adsurl = {http://adsabs.harvard.edu/abs/2005SSRv..120..143B},
  adsnote = {Provided by the SAO/NASA Astrophysics Data System}
}

@INPROCEEDINGS{swiftxrt,
   author = {{Burrows}, D.~N. and {Hill}, J.~E. and {Nousek}, J.~A. and {Wells}, A.~A. and 
	{Short}, A.~D. and {Willingale}, R. and {Citterio}, O. and {Chincarini}, G. and 
	{Tagliaferri}, G.},
    title = "{Swift X-Ray Telescope}",
booktitle = {Society of Photo-Optical Instrumentation Engineers (SPIE) Conference Series},
     year = 2000,
   series = {Society of Photo-Optical Instrumentation Engineers (SPIE) Conference Series},
   volume = 4140,
   editor = "{K.~A.~Flanagan \& O.~H.~Siegmund}",
    month = dec,
    pages = {64-75},
   adsurl = {http://adsabs.harvard.edu/abs/2000SPIE.4140...64B},
  adsnote = {Provided by the SAO/NASA Astrophysics Data System}
}

@INPROCEEDINGS{kp08,
   author = {{Kargaltsev}, O. and {Pavlov}, G.~G.},
    title = "{Pulsar Wind Nebulae in the Chandra Era}",
 keywords = {Pulsars, Neutron stars, Winds and their effects, General; solar nebula; cosmogony, Supernova remnants, X- and gamma-ray telescopes and instrumentation},
booktitle = {40 Years of Pulsars: Millisecond Pulsars, Magnetars and More},
     year = 2008,
   series = {American Institute of Physics Conference Series},
   volume = 983,
archivePrefix = "arXiv",
   eprint = {0801.2602},
   editor = "{C.~Bassa, Z.~Wang, A.~Cumming, \& V.~M.~Kaspi}",
    month = feb,
    pages = {171-185},
      doi = {10.1063/1.2900138},
   adsurl = {http://adsabs.harvard.edu/abs/2008AIPC..983..171K},
  adsnote = {Provided by the SAO/NASA Astrophysics Data System}
}

@ARTICLE{le96,
   author = {{Link}, B. and {Epstein}, R.~I.},
    title = "{Thermally Driven Neutron Star Glitches}",
  journal = {\apj},
   eprint = {arXiv:astro-ph/9508021},
 keywords = {DENSE MATTER, STARS: EVOLUTION, STARS: INTERIORS, STARS: NEUTRON},
     year = 1996,
    month = feb,
   volume = 457,
    pages = {844-+},
      doi = {10.1086/176779},
   adsurl = {http://adsabs.harvard.edu/abs/1996ApJ...457..844L},
  adsnote = {Provided by the SAO/NASA Astrophysics Data System}
}

@ARTICLE{lfk+86,
   author = {{Laros}, J.~G. and {Fenimore}, E.~E. and {Klebesadel}, R.~W. and 
	{Atteia}, {J.-L.} and {Boer}, M. and {Hurley}, K. and {Niel}, M. and 
	{Vedrenne}, G. and {Kane}, S.~R. and {Kouveliotou}, C. and {Cline}, T.~L. and 
	{Dennis}, B.~R. and {Desai}, U.~D. and {Orwig}, L.~E. and {Kuznetsov}, A.~V. and 
	{Sunyaev}, R.~A. and {Terekhov}, O.~V.},
    title = "{A new type of repetitive behavior in a high-energy transient}",
  journal = {\apjl},
 keywords = {ENERGY SOURCES, GAMMA RAY BURSTS, SOLAR ACTIVITY, SOLAR FLARES, COMPUTATIONAL ASTROPHYSICS, THRESHOLDS},
     year = 1987,
    month = sep,
   volume = 320,
    pages = {L111-L115},
      doi = {10.1086/184985},
   adsurl = {http://adsabs.harvard.edu/abs/1987ApJ...320L.111L},
  adsnote = {Provided by the SAO/NASA Astrophysics Data System}
}

@ARTICLE{pin80,
   author = {{Pines}, D.},
    title = "{Accreting neutron stars, black holes, and degenerate dwarf stars}",
  journal = {Science},
 keywords = {BLACK HOLES (ASTRONOMY), DWARF STARS, NEUTRON STARS, X RAY SOURCES, HADRONS, STELLAR GRAVITATION, STELLAR STRUCTURE, X RAY STARS},
     year = 1980,
    month = feb,
   volume = 207,
    pages = {597-606},
      doi = {10.1126/science.207.4431.597},
   adsurl = {http://adsabs.harvard.edu/abs/1980Sci...207..597P},
  adsnote = {Provided by the SAO/NASA Astrophysics Data System}
}

@ARTICLE{bel09,
   author = {{Beloborodov}, A.~M.},
    title = "{Untwisting Magnetospheres of Neutron Stars}",
  journal = {\apj},
archivePrefix = "arXiv",
   eprint = {0812.4873},
 keywords = {plasmas, stars: magnetic fields, stars: neutron},
     year = 2009,
    month = sep,
   volume = 703,
    pages = {1044-1060},
      doi = {10.1088/0004-637X/703/1/1044},
   adsurl = {http://adsabs.harvard.edu/abs/2009ApJ...703.1044B},
  adsnote = {Provided by the SAO/NASA Astrophysics Data System}
}

@ARTICLE{sk11,
   author = {{Scholz}, P. and {Kaspi}, V.~M. },
  journal = {\apj ~submitted},
     year = 2011,
}

@ARTICLE{sbni10,
   author = {{Sato}, T. and {Bamba}, A. and {Nakamura}, R. and {Ishida}, M.
	},
    title = "{Identification of CXOU J171405.7{\minus}381031 as a New Magnetar with XMM-Newton}",
  journal = {\pasj},
archivePrefix = "arXiv",
   eprint = {1008.0234},
 primaryClass = "astro-ph.HE",
 keywords = {stars: magnetic fields, stars: pulsars: individual (CXOU J171405.7{\minus}381031), X-rays: individual (CXOU J171405.7{\minus}381031)},
     year = 2010,
    month = oct,
   volume = 62,
    pages = {L33-L36},
   adsurl = {http://adsabs.harvard.edu/abs/2010PASJ...62L..33S},
  adsnote = {Provided by the SAO/NASA Astrophysics Data System}
}

@BOOK{gho07,
   author = {{Ghosh}, P.},
    title = "{Rotation and Accretion Powered Pulsars}",
booktitle = {Rotation and Accretion Powered Pulsars: World Scientific Series in Astronomy and Astrophysics -- Vol.~10.~Edited by Pranab Ghosh.~ISBN-10 981-02-4744-3; ISBN-13 978-981-02-4744-7.~Published by World Scientific Publishing Co., Pte.~Ltd., Singapore, 2007.},
     year = 2007,
publisher = {World Scientific Publishing Co},
   adsurl = {http://adsabs.harvard.edu/abs/2007rapp.book......},
  adsnote = {Provided by the SAO/NASA Astrophysics Data System}
}

@ARTICLE{ati+10,
   author = {{Albano}, A. and {Turolla}, R. and {Israel}, G.~L. and {Zane}, S. and 
	{Nobili}, L. and {Stella}, L.},
    title = "{A Unified Timing and Spectral Model for the Anomalous X-ray Pulsars XTE J1810-197 and CXOU J164710.2-455216}",
  journal = {\apj},
archivePrefix = "arXiv",
   eprint = {1007.5466},
 primaryClass = "astro-ph.HE",
 keywords = {radiation mechanisms: non-thermal, stars: magnetic field, stars: neutron, X-rays: individual: XTE J1810{\ndash}197 CXOU J164710.2{\ndash}455216},
     year = 2010,
    month = oct,
   volume = 722,
    pages = {788-802},
      doi = {10.1088/0004-637X/722/1/788},
   adsurl = {http://adsabs.harvard.edu/abs/2010ApJ...722..788A},
  adsnote = {Provided by the SAO/NASA Astrophysics Data System}
}

@ARTICLE{wje11,
   author = {{Weltevrede}, P. and {Johnston}, S. and {Espinoza}, C.~M.},
    title = "{The glitch-induced identity changes of PSR J1119-6127}",
  journal = {\mnras},
archivePrefix = "arXiv",
   eprint = {1010.0857},
 primaryClass = "astro-ph.SR",
 keywords = {polarization, radiation mechanisms: non-thermal, pulsars: general, pulsars: individual: J1119-6127},
     year = 2011,
    month = mar,
   volume = 411,
    pages = {1917-1934},
      doi = {10.1111/j.1365-2966.2010.17821.x},
   adsurl = {http://adsabs.harvard.edu/abs/2011MNRAS.411.1917W},
  adsnote = {Provided by the SAO/NASA Astrophysics Data System}
}

@ARTICLE{elsk11,
   author = {{Espinoza}, C.~M. and {Lyne}, A.~G. and {Stappers}, B.~W. and 
	{Kramer}, M.},
    title = "{A study of 315 glitches in the rotation of 102 pulsars}",
  journal = {\mnras},
archivePrefix = "arXiv",
   eprint = {1102.1743},
 primaryClass = "astro-ph.HE",
 keywords = {stars: neutron, pulsars: general},
     year = 2011,
    month = apr,
    pages = {538-+},
      doi = {10.1111/j.1365-2966.2011.18503.x},
   adsurl = {http://adsabs.harvard.edu/abs/2011MNRAS.tmp..538E},
  adsnote = {Provided by the SAO/NASA Astrophysics Data System}
}

@ARTICLE{vbb+75,
   author = {{Vanderhill}, M.~J. and {Borken}, R.~J. and {Bunner}, A.~N. and 
	{Burstein}, P.~H. and {Kraushaar}, W.~L.},
    title = "{A search for stellar soft X-ray sources}",
  journal = {\apjl},
 keywords = {SPACEBORNE ASTRONOMY, STELLAR RADIATION, X RAY ASTRONOMY, X RAY STARS, BACKGROUND RADIATION, BINARY STARS, MAIN SEQUENCE STARS, RADIANT FLUX DENSITY, SKYLAB PROGRAM, WHITE DWARF STARS},
     year = 1975,
    month = apr,
   volume = 197,
    pages = {L19-L22},
      doi = {10.1086/181766},
   adsurl = {http://adsabs.harvard.edu/abs/1975ApJ...197L..19V},
  adsnote = {Provided by the SAO/NASA Astrophysics Data System}
}

@ARTICLE{ihwm96,
   author = {{Irwin}, K.~D. and {Hilton}, G.~C. and {Wollman}, D.~A. and 
	{Martinis}, J.~M.},
    title = "{X-ray detection using a superconducting transition-edge sensor microcalorimeter with electrothermal feedback}",
  journal = {Applied Physics Letters},
     year = 1996,
    month = sep,
   volume = 69,
    pages = {1945-1947},
      doi = {10.1063/1.117630},
   adsurl = {http://adsabs.harvard.edu/abs/1996ApPhL..69.1945I},
  adsnote = {Provided by the SAO/NASA Astrophysics Data System}
}


@ARTICLE{elk+11,
   author = {{Espinoza}, C.~M. and {Lyne}, A.~G. and {Kramer}, M. and {Manchester}, R.~N. and {Kaspi}, V.~M. },
  journal = {\apj ~submitted},
     year = 2011,
}


@ARTICLE{fs97a,
   author = {{Freund}, Y. and {Schapire}, R. E.  },
  journal = {Journal of Computer and System Sciences},
     year = 1997,
    month = Aug,
   volume = 55,
    pages = {119-139},
      doi = {http://dx.doi.org/10.1006/jcss.1997.1504}
}

@Article{cc01a,
  author        = {Chang, Chih-Chung and Lin, Chih-Jen},
  title         = {{LIBSVM}: A library for support vector machines},
  journal       = {ACM Transactions on Intelligent Systems and Technology},
  volume        = {2},
  issue         = {3},
  year          = {2011},
  pages         = {27:1--27:27},
  note          = {Software available at
                  \url{http://www.csie.ntu.edu.tw/~cjlin/libsvm}}
}

@ARTICLE{kel+09,
   author = {{Keith}, M.~J. and {Eatough}, R.~P. and {Lyne}, A.~G. and {Kramer}, M. and {Possenti}, A. and {Camilo}, F. and {Manchester}, R.~N.},
    title = "{Discovery of 28 pulsars using new techniques for sorting pulsar candidates}",
  journal = {\mnras},
archivePrefix = "arXiv",
   eprint = {0901.3570},
 primaryClass = "astro-ph.SR",
 keywords = {pulsars: general},
     year = 2009,
    month = may,
   volume = 395,
    pages = {837-846},
      doi = {10.1111/j.1365-2966.2009.14543.x},
   adsurl = {http://adsabs.harvard.edu/abs/2009MNRAS.395..837K},
  adsnote = {Provided by the SAO/NASA Astrophysics Data System}
}

@ARTICLE{emk+10,
   author = {{Eatough}, R.~P. and {Molkenthin}, N. and {Kramer}, M. and {Noutsos}, A. and {Keith}, M.~J. and {Stappers}, B.~W. and {Lyne}, A.~G.},
    title = "{Selection of radio pulsar candidates using artificial neural networks}",
  journal = {\mnras},
archivePrefix = "arXiv",
   eprint = {1005.5068},
 primaryClass = "astro-ph.IM",
 keywords = {methods: data analysis, stars: neutron, pulsars: general},
     year = 2010,
    month = oct,
   volume = 407,
    pages = {2443-2450},
      doi = {10.1111/j.1365-2966.2010.17082.x},
   adsurl = {http://adsabs.harvard.edu/abs/2010MNRAS.407.2443E},
  adsnote = {Provided by the SAO/NASA Astrophysics Data System}
}


@ARTICLE{bbb+12,
   author = {{Bates}, S.~D. and {Bailes}, M. and {Barsdell}, B.~R. and {Bhat}, N.~D.~R. and 
        {Burgay}, M. and {Burke-Spolaor}, S. and {Champion}, D.~J. and 
        {Coster}, P. and {D'Amico}, N. and {Jameson}, A. and {Johnston}, S. and 
        {Keith}, M.~J. and {Kramer}, M. and {Levin}, L. and {Lyne}, A. and 
        {Milia}, S. and {Ng}, C. and {Nietner}, C. and {Possenti}, A. and 
        {Stappers}, B. and {Thornton}, D. and {van Straten}, W.},
    title = "{The High Time Resolution Universe Survey VI: An Artificial Neural Network and Timing of 75 Pulsars}",
  journal = {ArXiv e-prints},
archivePrefix = "arXiv",
   eprint = {1209.0793},
 primaryClass = "astro-ph.SR",
 keywords = {Astrophysics - Solar and Stellar Astrophysics},
     year = 2012,
    month = sep,
   adsurl = {http://adsabs.harvard.edu/abs/2012arXiv1209.0793B},
  adsnote = {Provided by the SAO/NASA Astrophysics Data System}
}

@article{sklearn,
 title={{Scikit-learn: Machine Learning in Python }},
 author={Pedregosa, F. and Varoquaux, G. and Gramfort, A. and Michel, V.
         and Thirion, B. and Grisel, O. and Blondel, M. and Prettenhofer, P.
         and Weiss, R. and Dubourg, V. and Vanderplas, J. and Passos, A. and
         Cournapeau, D. and Brucher, M. and Perrot, M. and Duchesnay, E.},
 journal={Journal of Machine Learning Research},
 volume={12},
 pages={2825--2830},
 year={2011}
}

@INPROCEEDINGS{theano,
     author = {Bergstra, James and Breuleux, Olivier and Bastien, Fr{\'{e}}d{\'{e}}ric and Lamblin, Pascal and Pascanu, Razvan and Desjardins, Guillaume and Turian, Joseph and Warde-Farley, David and Bengio, Yoshua},
      month = jun,
      title = {Theano: a {CPU} and {GPU} Math Expression Compiler},
  booktitle = {Proceedings of the Python for Scientific Computing Conference ({SciPy})},
       year = {2010},
   location = {Austin, TX},
       note = {Oral Presentation},
        url = {http://www.iro.umontreal.ca/~lisa/pointeurs/theano_scipy2010.pdf}
}


@ARTICLE{LeCun98,
   title={{Gradient-based learning applied to document recognition. }},
  author={LeCun, Y. and Bottou, L. and Bengio, Y. and Haffner, P.},
 journal={Proceedings of the IEEE,},
  volume={86(11)},
   pages={2278-2324},
    year={1998},
}
        
@inproceedings{boureau2010theoretical,
  title={A theoretical analysis of feature pooling in visual recognition},
  author={Boureau, Y-Lan and Ponce, Jean and LeCun, Yann},
  booktitle={International Conference on Machine Learning},
  pages={111--118},
  year={2010}
}

@INPROCEEDINGS{2013IAUS..291...41L,
   author = {{Lynch et~al.}},
    title = "{The hunt for new pulsars with the Green Bank Telescope}",
 keywords = {Pulsars: general, surveys},
booktitle = {IAU Symposium},
     year = 2013,
   series = {IAU Symposium},
   volume = 291,
archivePrefix = "arXiv",
   eprint = {1303.5316},
 primaryClass = "astro-ph.HE",
    month = mar,
    pages = {41-46},
      doi = {10.1017/S1743921312023113},
   adsurl = {http://adsabs.harvard.edu/abs/2013IAUS..291...41L},
  adsnote = {Provided by the SAO/NASA Astrophysics Data System}
}

@ARTICLE{lsj+13,
   author = {{Lee}, K.~J. and {Stovall}, K. and {Jenet}, F.~A. and {Martinez}, J. and 
        {Dartez}, L.~P. and {Mata}, A. and {Lunsford}, G. and {Cohen}, S. and 
        {Biwer}, C.~.~M. and {Rohr}, M. and {Flanigan}, J. and {Walker}, A. and 
        {Banaszak}, S. and {Allen}, B. and {Barr}, E.~D. and {Bhat}, N.~D.~R. and 
        {Bogdanov}, S. and {Brazier}, A. and {Camilo}, F. and {Champion}, D.~J. and 
        {Chatterjee}, S. and {Cordes}, J. and {Crawford}, F. and {Deneva}, J. and 
        {Desvignes}, G. and {Ferdman}, R.~D. and {Freire}, P. and {Hessels}, J.~W.~T. and 
        {Karuppusamy}, R. and {Kaspi}, V.~M. and {Knispel}, B. and {Kramer}, M. and 
        {Lazarus}, P. and {Lynch}, R. and {Lyne}, A. and {McLaughlin}, M. and 
        {Ransom}, S. and {Scholz}, P. and {Siemens}, X. and {Spitler}, L. and 
        {Stairs}, I. and {Tan}, M. and {van Leeuwen}, J. and {Zhu}, W.~W.
        },
    title = "{PEACE: Pulsar Evaluation Algorithm for Candidate Extraction -- A software package for post-analysis processing of pulsar survey candidates}",
  journal = {Accepted by \mnras},
archivePrefix = "arXiv",
   eprint = {1305.0447},
 primaryClass = "astro-ph.IM",
 keywords = {Astrophysics - Instrumentation and Methods for Astrophysics, Astrophysics - Galaxy Astrophysics},
     year = 2013,
    month = may,
   adsurl = {http://adsabs.harvard.edu/abs/2013arXiv1305.0447L},
  adsnote = {Provided by the SAO/NASA Astrophysics Data System}
}

@ARTICLE{kek+13,
   author = {{Knispel}, B. and {Eatough}, R.~P. and {Kim}, H. and {Keane}, E.~F. and 
        {Allen}, B. and {Anderson}, D. and {Aulbert}, C. and {Bock}, O. and 
        {Crawford}, F. and {Eggenstein}, H.-B. and {Fehrmann}, H. and 
        {Hammer}, D. and {Kramer}, M. and {Lyne}, A.~G. and {Machenschalk}, B. and 
        {Miller}, R.~B. and {Papa}, M.~A. and {Rastawicki}, D. and {Sarkissian}, J. and 
        {Siemens}, X. and {Stappers}, B.~W.},
    title = "{Einstein@Home Discovery of 24 Pulsars in the Parkes Multi-beam Pulsar Survey}",
  journal = {ArXiv:1302.0467},
archivePrefix = "arXiv",
   eprint = {1302.0467},
 primaryClass = "astro-ph.GA",
 keywords = {Astrophysics - Galaxy Astrophysics, Astrophysics - Instrumentation and Methods for Astrophysics, General Relativity and Quantum Cosmology},
     year = 2013,
    month = feb,
   adsurl = {http://adsabs.harvard.edu/abs/2013arXiv1302.0467K},
  adsnote = {Provided by the SAO/NASA Astrophysics Data System}
}

@ARTICLE{lwj+09,
   author = {{Lazaridis}, K. and {Wex}, N. and {Jessner}, A. and {Kramer}, M. and 
        {Stappers}, B.~W. and {Janssen}, G.~H. and {Desvignes}, G. and 
        {Purver}, M.~B. and {Cognard}, I. and {Theureau}, G. and {Lyne}, A.~G. and 
        {Jordan}, C.~A. and {Zensus}, J.~A.},
    title = "{Generic tests of the existence of the gravitational dipole radiation and the variation of the gravitational constant}",
  journal = {\mnras},
archivePrefix = "arXiv",
   eprint = {0908.0285},
 primaryClass = "astro-ph.GA",
 keywords = {binaries: general , pulsars: general , pulsars: individual: PSR J1012+5307},
     year = 2009,
    month = dec,
   volume = 400,
    pages = {805-814},
      doi = {10.1111/j.1365-2966.2009.15481.x},
   adsurl = {http://adsabs.harvard.edu/abs/2009MNRAS.400..805L},
  adsnote = {Provided by the SAO/NASA Astrophysics Data System}
}

@ARTICLE{dfg+13,
   author = {{Demorest}, P.~B. and {Ferdman}, R.~D. and {Gonzalez}, M.~E. and 
        {Nice}, D. and {Ransom}, S. and {Stairs}, I.~H. and {Arzoumanian}, Z. and 
        {Brazier}, A. and {Burke-Spolaor}, S. and {Chamberlin}, S.~J. and 
        {Cordes}, J.~M. and {Ellis}, J. and {Finn}, L.~S. and {Freire}, P. and 
        {Giampanis}, S. and {Jenet}, F. and {Kaspi}, V.~M. and {Lazio}, J. and 
        {Lommen}, A.~N. and {McLaughlin}, M. and {Palliyaguru}, N. and 
        {Perrodin}, D. and {Shannon}, R.~M. and {Siemens}, X. and {Stinebring}, D. and 
        {Swiggum}, J. and {Zhu}, W.~W.},
    title = "{Limits on the Stochastic Gravitational Wave Background from the North American Nanohertz Observatory for Gravitational Waves}",
  journal = {\apj},
archivePrefix = "arXiv",
   eprint = {1201.6641},
 primaryClass = "astro-ph.CO",
 keywords = {gravitational waves, methods: data analysis, pulsars: general, pulsars: individual: J0030+0451 J0613-0200 J1012+5307 J1455-3330 J1600-3053 J1640+2224 J1643-1224 J1713+0747 J1744-1134 J1853+1308 B1855+09 J1909-3744 J1910+1256 J1918-0642 B1953+29 J2145-0750 J2317+1439},
     year = 2013,
    month = jan,
   volume = 762,
      eid = {94},
    pages = {94},
}

@INPROCEEDINGS{ndf+12,
   author = {{Nice}, D.~J. and {Demorest}, P.~B. and {Ferdman}, R.~D. and 
        {Gonzalez}, M.~E. and {Ransom}, S.~M. and {Stairs}, I.~H. and 
        {NANOGrav}},
    title = "{NANOGrav High-Precision Millisecond Pulsar Timing and Gravitational Wave Background Limit}",
booktitle = {American Astronomical Society Meeting Abstracts \#219},
     year = 2012,
   series = {American Astronomical Society Meeting Abstracts},
   volume = 219,
    month = jan,
    pages = {146.16},
   adsurl = {http://adsabs.harvard.edu/abs/2012AAS...21914616N},
  adsnote = {Provided by the SAO/NASA Astrophysics Data System}
}

@ARTICLE{hmb10, 
   author = {{Hofmann}, F. and {M{\"u}ller}, J. and {Biskupek}, L.},
    title = "{Lunar laser ranging test of the Nordtvedt parameter and a possible variation in the gravitational constant}",
  journal = {\aap},
 keywords = {Moon, gravitation, celestial mechanics, ephemerides},
     year = 2010,
    month = nov,
   volume = 522,
      eid = {L5},
    pages = {L5},
      doi = {10.1051/0004-6361/201015659},
   adsurl = {http://adsabs.harvard.edu/abs/2010A%26A...522L...5H},
  adsnote = {Provided by the SAO/NASA Astrophysics Data System}
}

@ARTICLE{fwe+12,
   author = {{Freire}, P.~C.~C. and {Wex}, N. and {Esposito-Far{\`e}se}, G. and 
        {Verbiest}, J.~P.~W. and {Bailes}, M. and {Jacoby}, B.~A. and 
        {Kramer}, M. and {Stairs}, I.~H. and {Antoniadis}, J. and {Janssen}, G.~H.
        },
    title = "{The relativistic pulsar-white dwarf binary PSR J1738+0333 - II. The most stringent test of scalar-tensor gravity}",
  journal = {\mnras},
archivePrefix = "arXiv",
   eprint = {1205.1450},
 primaryClass = "astro-ph.GA",
 keywords = {gravitation, gravitational waves, pulsars: individual: PSR J1738+0333},
     year = 2012,
    month = jul,
   volume = 423,
    pages = {3328-3343},
      doi = {10.1111/j.1365-2966.2012.21253.x},
   adsurl = {http://adsabs.harvard.edu/abs/2012MNRAS.423.3328F},
  adsnote = {Provided by the SAO/NASA Astrophysics Data System}
}

@BOOK{Will93,
   author = {{Will}, C.~M.},
    title = "{Theory and Experiment in Gravitational Physics}",
booktitle = {Theory and Experiment in Gravitational Physics, by Clifford M.~Will, pp.~396.~ISBN 0521439736.~Cambridge, UK: Cambridge University Press, March 1993.},
     year = 1993,
    month = mar,
   adsurl = {http://adsabs.harvard.edu/abs/1993tegp.book.....W},
  adsnote = {Provided by the SAO/NASA Astrophysics Data System}
}

@ARTICLE{Will01,
   author = {{Will}, C.},
    title = "{The Confrontation between General Relativity and Experiment}",
  journal = {Living Reviews in Relativity},
   eprint = {arXiv:gr-qc/0103036},
 keywords = {tests of relativistic gravity, theories of gravity, post-Newtonian limit, gravitational radiation},
     year = 2001,
    month = may,
   volume = 4,
    pages = {4},
   adsurl = {http://adsabs.harvard.edu/abs/2001LRR.....4....4W},
  adsnote = {Provided by the SAO/NASA Astrophysics Data System}
}

@ARTICLE{sc12,
   author = {{Shannon}, R.~M. and {Cordes}, J.~M.},
    title = "{Pulse Intensity Modulation and the Timing Stability of Millisecond Pulsars: A Case Study of PSR J1713+0747}",
  journal = {\apj},
archivePrefix = "arXiv",
   eprint = {1210.7021},
 primaryClass = "astro-ph.SR",
 keywords = {gravitational waves, methods: statistical, pulsars: general, pulsars: individual: PSR J1713+0747 },
     year = 2012,
    month = dec,
   volume = 761,
      eid = {64},
    pages = {64},
      doi = {10.1088/0004-637X/761/1/64},
   adsurl = {http://adsabs.harvard.edu/abs/2012ApJ...761...64S},
  adsnote = {Provided by the SAO/NASA Astrophysics Data System}
}


@ARTICLE{fbw+11,
   author = {{Freire}, P.~C.~C. and {Bassa}, C.~G. and {Wex}, N. and {Stairs}, I.~H. and 
        {Champion}, D.~J. and {Ransom}, S.~M. and {Lazarus}, P. and 
        {Kaspi}, V.~M. and {Hessels}, J.~W.~T. and {Kramer}, M. and 
        {Cordes}, J.~M. and {Verbiest}, J.~P.~W. and {Podsiadlowski}, P. and 
        {Nice}, D.~J. and {Deneva}, J.~S. and {Lorimer}, D.~R. and {Stappers}, B.~W. and 
        {McLaughlin}, M.~A. and {Camilo}, F.},
    title = "{On the nature and evolution of the unique binary pulsar J1903+0327}",
  journal = {\mnras},
archivePrefix = "arXiv",
   eprint = {1011.5809},
 primaryClass = "astro-ph.GA",
 keywords = {equation of state, binaries: spectroscopic, stars: neutron, pulsars: general, pulsars: individual: PSR J1903+0327},
     year = 2011,
    month = apr,
   volume = 412,
    pages = {2763-2780},
      doi = {10.1111/j.1365-2966.2010.18109.x},
   adsurl = {http://adsabs.harvard.edu/abs/2011MNRAS.412.2763F},
  adsnote = {Provided by the SAO/NASA Astrophysics Data System}
}

@ARTICLE{dpr+10,
   author = {{Demorest}, P.~B. and {Pennucci}, T. and {Ransom}, S.~M. and 
        {Roberts}, M.~S.~E. and {Hessels}, J.~W.~T.},
    title = "{A two-solar-mass neutron star measured using Shapiro delay}",
  journal = {\nat},
archivePrefix = "arXiv",
   eprint = {1010.5788},
 primaryClass = "astro-ph.HE",
     year = 2010,
    month = oct,
   volume = 467,
    pages = {1081-1083},
      doi = {10.1038/nature09466},
   adsurl = {http://adsabs.harvard.edu/abs/2010Natur.467.1081D},
  adsnote = {Provided by the SAO/NASA Astrophysics Data System}
}

@ARTICLE{afw+13,
   author = {{Antoniadis}, J. and {Freire}, P.~C.~C. and {Wex}, N. and {Tauris}, T.~M. and 
        {Lynch}, R.~S. and {van Kerkwijk}, M.~H. and {Kramer}, M. and 
        {Bassa}, C. and {Dhillon}, V.~S. and {Driebe}, T. and {Hessels}, J.~W.~T. and 
        {Kaspi}, V.~M. and {Kondratiev}, V.~I. and {Langer}, N. and 
        {Marsh}, T.~R. and {McLaughlin}, M.~A. and {Pennucci}, T.~T. and 
        {Ransom}, S.~M. and {Stairs}, I.~H. and {van Leeuwen}, J. and 
        {Verbiest}, J.~P.~W. and {Whelan}, D.~G.},
    title = "{A Massive Pulsar in a Compact Relativistic Binary}",
  journal = {Science},
archivePrefix = "arXiv",
   eprint = {1304.6875},
 primaryClass = "astro-ph.HE",
 keywords = {Pulsars, Neutron Stars, General relativity,  Tests of General relativity, Gravitational Radiation,  Stellar evolution},
     year = 2013,
    month = apr,
   volume = 340,
    pages = {448},
      doi = {10.1126/science.1233232},
   adsurl = {http://adsabs.harvard.edu/abs/2013Sci...340..448A},
  adsnote = {Provided by the SAO/NASA Astrophysics Data System}
}

@ARTICLE{ld13,
   author = {{Lommen}, A.~N. and {Demorest}, P.},
    title = "{Pulsar Timing Techniques}",
  journal = {ArXiv e-prints},
archivePrefix = "arXiv",
   eprint = {1309.1767},
 primaryClass = "astro-ph.IM",
 keywords = {Astrophysics - Instrumentation and Methods for Astrophysics, Astrophysics - Galaxy Astrophysics},
     year = 2013,
    month = sep,
   adsurl = {http://adsabs.harvard.edu/abs/2013arXiv1309.1767L},
  adsnote = {Provided by the SAO/NASA Astrophysics Data System}
}

@ARTICLE{dmhd95,
   author = {{D'Alessandro}, F. and {McCulloch}, P.~M. and {Hamilton}, P.~A. and 
        {Deshpande}, A.~A.},
    title = "{The timing noise of 45 southern pulsars}",
  journal = {\mnras},
 keywords = {METHODS: DATA ANALYSIS, STARS: NEUTRON, PULSARS: GENERAL},
     year = 1995,
    month = dec,
   volume = 277,
    pages = {1033-1046},
   adsurl = {http://adsabs.harvard.edu/abs/1995MNRAS.277.1033D},
  adsnote = {Provided by the SAO/NASA Astrophysics Data System}
}

@ARTICLE{hlk10,
   author = {{Hobbs}, G. and {Lyne}, A.~G. and {Kramer}, M.},
    title = "{An analysis of the timing irregularities for 366 pulsars}",
  journal = {\mnras},
archivePrefix = "arXiv",
   eprint = {0912.4537},
 primaryClass = "astro-ph.GA",
 keywords = {pulsars: general},
     year = 2010,
    month = feb,
   volume = 402,
    pages = {1027-1048},
      doi = {10.1111/j.1365-2966.2009.15938.x},
   adsurl = {http://adsabs.harvard.edu/abs/2010MNRAS.402.1027H},
  adsnote = {Provided by the SAO/NASA Astrophysics Data System}
}

@ARTICLE{hf04a,
   author = {{Holmberg}, J. and {Flynn}, C.},
    title = "{The local surface density of disc matter mapped by Hipparcos}",
  journal = {\mnras},
   eprint = {arXiv:astro-ph/0405155},
 keywords = {Galaxy: kinematics and dynamics, Galaxy: structure, dark matter},
     year = 2004,
    month = aug,
   volume = 352,
    pages = {440-446},
      doi = {10.1111/j.1365-2966.2004.07931.x},
   adsurl = {http://adsabs.harvard.edu/abs/2004MNRAS.352..440H},
  adsnote = {Provided by the SAO/NASA Astrophysics Data System}
}

@ARTICLE{pjl+13,
   author = {{Perrodin}, D. and {Jenet}, F. and {Lommen}, A. and {Finn}, L. and 
        {Demorest}, P. and {Ferdman}, R. and {Gonzalez}, M. and {Nice}, D. and 
        {Ransom}, S. and {Stairs}, I.},
    title = "{Timing Noise Analysis of NANOGrav Pulsars}",
  journal = {ArXiv:1311.3693},
archivePrefix = "arXiv",
   eprint = {1311.3693},
 primaryClass = "astro-ph.HE",
 keywords = {Astrophysics - High Energy Astrophysical Phenomena, Astrophysics - Galaxy Astrophysics, Astrophysics - Instrumentation and Methods for Astrophysics},
     year = 2013,
    month = nov,
   adsurl = {http://adsabs.harvard.edu/abs/2013arXiv1311.3693P},
  adsnote = {Provided by the SAO/NASA Astrophysics Data System}
}

@ARTICLE{gsf+11,
   author = {{Gonzalez}, M.~E. and {Stairs}, I.~H. and {Ferdman}, R.~D. and 
        {Freire}, P.~C.~C. and {Nice}, D.~J. and {Demorest}, P.~B. and 
        {Ransom}, S.~M. and {Kramer}, M. and {Camilo}, F. and {Hobbs}, G. and 
        {Manchester}, R.~N. and {Lyne}, A.~G.},
    title = "{High-precision Timing of Five Millisecond Pulsars: Space Velocities, Binary Evolution, and Equivalence Principles}",
  journal = {\apj},
archivePrefix = "arXiv",
   eprint = {1109.5638},
 primaryClass = "astro-ph.HE",
 keywords = {binaries: close, proper motions, pulsars: general, relativistic processes, stars: neutron},
     year = 2011,
    month = dec,
   volume = 743,
      eid = {102},
    pages = {102},
      doi = {10.1088/0004-637X/743/2/102},
   adsurl = {http://adsabs.harvard.edu/abs/2011ApJ...743..102G},
  adsnote = {Provided by the SAO/NASA Astrophysics Data System}
}

@ARTICLE{aaa+13,
   author = {{Aghanim}, N. and {Armitage-Caplan}, C. and 
        {Arnaud}, M. and {Ashdown}, M. and {Atrio-Barandela}, F. and 
        {Aumont}, J. and {Banday}, A.~J. and {Barreiro}, R.~B. and {Bartlett}, J.~G. and 
        {Benabed}, K. and {Benoit-L{\'e}vy}, A. and {Bernard}, J.-P. and 
        {Bersanelli}, M. and {Bielewicz}, P. and {Bobin}, J. and {Bock}, J.~J. and 
        {Bond}, J.~R. and {Borrill}, J. and {Bouchet}, F.~R. and {Bridges}, M. and 
        {Burigana}, C. and {Butler}, R.~C. and {Cardoso}, J.-F. and 
        {Catalano}, A. and {Challinor}, A. and {Chamballu}, A. and {Chiang}, L.-Y and 
        {Chiang}, H.~C. and {Christensen}, P.~R. and {Clements}, D.~L. and 
        {Colombo}, L.~P.~L. and {Couchot}, F. and {Crill}, B.~P. and 
        {Cuttaia}, F. and {Danese}, L. and {Davies}, R.~D. and {Davis}, R.~J. and 
        {de Bernardis}, P. and {de Rosa}, A. and {de Zotti}, G. and 
        {Delabrouille}, J. and {Diego}, J.~M. and {Donzelli}, S. and 
        {Dor{\'e}}, O. and {Dupac}, X. and {Efstathiou}, G. and {En{\ss}lin}, T.~A. and 
        {Eriksen}, H.~K. and {Finelli}, F. and {Forni}, O. and {Frailis}, M. and 
        {Franceschi}, E. and {Galeotta}, S. and {Ganga}, K. and {Giard}, M. and 
        {Giardino}, G. and {Gonz{\'a}lez-Nuevo}, J. and {G{\'o}rski}, K.~M. and 
        {Gratton}, S. and {Gregorio}, A. and {Gruppuso}, A. and {Hansen}, F.~K. and 
        {Hanson}, D. and {Harrison}, D. and {Helou}, G. and {Hildebrandt}, S.~R. and 
        {Hivon}, E. and {Hobson}, M. and {Holmes}, W.~A. and {Hovest}, W. and 
        {Huffenberger}, K.~M. and {Jones}, W.~C. and {Juvela}, M. and 
        {Keih{\"a}nen}, E. and {Keskitalo}, R. and {Kisner}, T.~S. and 
        {Knoche}, J. and {Knox}, L. and {Kunz}, M. and {Kurki-Suonio}, H. and 
        {L{\"a}hteenm{\"a}ki}, A. and {Lamarre}, J.-M. and {Lasenby}, A. and 
        {Lawrence}, C.~R. and {Leonardi}, R. and {Lewis}, A. and {Liguori}, M. and 
        {Lilje}, P.~B. and {Linden-V{\o}rnle}, M. and {L{\'o}pez-Caniego}, M. and 
        {Lubin}, P.~M. and {Mac{\'{\i}}as-P{\'e}rez}, J.~F. and {Maris}, M. and 
        {Marshall}, D.~J. and {Martin}, P.~G. and {Mart{\'{\i}}nez-Gonz{\'a}lez}, E. and 
        {Masi}, S. and {Matarrese}, S. and {Mazzotta}, P. and {Meinhold}, P.~R. and 
        {Melchiorri}, A. and {Mendes}, L. and {Migliaccio}, M. and {Mitra}, S. and 
        {Moneti}, A. and {Montier}, L. and {Morgante}, G. and {Mortlock}, D. and 
        {Moss}, A. and {Munshi}, D. and {Naselsky}, P. and {Nati}, F. and 
        {Natoli}, P. and {N{\o}rgaard-Nielsen}, H.~U. and {Noviello}, F. and 
        {Novikov}, D. and {Novikov}, I. and {Osborne}, S. and {Oxborrow}, C.~A. and 
        {Pagano}, L. and {Pajot}, F. and {Paoletti}, D. and {Pasian}, F. and 
        {Patanchon}, G. and {Perdereau}, O. and {Perrotta}, F. and {Piacentini}, F. and 
        {Pierpaoli}, E. and {Pietrobon}, D. and {Plaszczynski}, S. and 
        {Pointecouteau}, E. and {Polenta}, G. and {Ponthieu}, N. and 
        {Popa}, L. and {Pratt}, G.~W. and {Pr{\'e}zeau}, G. and {Puget}, J.-L. and 
        {Rachen}, J.~P. and {Reach}, W.~T. and {Reinecke}, M. and {Ricciardi}, S. and 
        {Riller}, T. and {Ristorcelli}, I. and {Rocha}, G. and {Rosset}, C. and 
        {Rubi{\~n}o-Mart{\'{\i}}n}, J.~A. and {Rusholme}, B. and {Santos}, D. and 
        {Savini}, G. and {Scott}, D. and {Seiffert}, M.~D. and {Shellard}, E.~P.~S. and 
        {Spencer}, L.~D. and {Sunyaev}, R. and {Sureau}, F. and {Suur-Uski}, A.-S. and 
        {Sygnet}, J.-F. and {Tauber}, J.~A. and {Tavagnacco}, D. and 
        {Terenzi}, L. and {Toffolatti}, L. and {Tomasi}, M. and {Tristram}, M. and 
        {Tucci}, M. and {T{\"u}rler}, M. and {Valenziano}, L. and {Valiviita}, J. and 
        {Van Tent}, B. and {Vielva}, P. and {Villa}, F. and {Vittorio}, N. and 
        {Wade}, L.~A. and {Wandelt}, B.~D. and {White}, M. and {Yvon}, D. and 
        {Zacchei}, A. and {Zibin}, J.~P. and {Zonca}, A.},
    title = "{Planck 2013 results. XXVII. Doppler boosting of the CMB: Eppur si muove}",
  journal = {ArXiv:1303.5087},
archivePrefix = "arXiv",
   eprint = {1303.5087},
 primaryClass = "astro-ph.CO",
 keywords = {Astrophysics - Cosmology and Extragalactic Astrophysics},
     year = 2013,
    month = mar,
   adsurl = {http://adsabs.harvard.edu/abs/2013arXiv1303.5087P},
  adsnote = {Provided by the SAO/NASA Astrophysics Data System}
}

@ARTICLE{ver09,
   author = {{Verbiest}, J.~P.~W.},
    title = "{Long-Term Timing of Millisecond Pulsars and Gravitational Wave Detection}",
  journal = {ArXiv:0906.4246},
archivePrefix = "arXiv",
   eprint = {0906.4246},
 primaryClass = "astro-ph.GA",
 keywords = {Astrophysics - Galaxy Astrophysics},
     year = 2009,
    month = jun,
   adsurl = {http://adsabs.harvard.edu/abs/2009arXiv0906.4246V},
  adsnote = {Provided by the SAO/NASA Astrophysics Data System}
}

@ARTICLE{th14,
   author = {{Tauris}, T.~M. and {van den Heuvel}, E.~P.~J.},
    title = "{Formation of the Galactic Millisecond Pulsar Triple System PSR J0337+1715{\mdash}A Neutron Star with Two Orbiting White Dwarfs}",
  journal = {\apjl},
archivePrefix = "arXiv",
   eprint = {1401.0941},
 primaryClass = "astro-ph.SR",
 keywords = {binaries: close, pulsars: individual: PSR J0337+1715, stars: mass-loss, stars: neutron, supernovae: general, X-rays: binaries },
     year = 2014,
    month = jan,
   volume = 781,
      eid = {L13},
    pages = {L13},
      doi = {10.1088/2041-8205/781/1/L13},
   adsurl = {http://adsabs.harvard.edu/abs/2014ApJ...781L..13T},
  adsnote = {Provided by the SAO/NASA Astrophysics Data System}
}

@ARTICLE{kkdt13,
   author = {{Kiziltan}, B. and {Kottas}, A. and {De Yoreo}, M. and {Thorsett}, S.~E.
        },
    title = "{The Neutron Star Mass Distribution}",
  journal = {\apj},
archivePrefix = "arXiv",
   eprint = {1309.6635},
 primaryClass = "astro-ph.SR",
 keywords = {binaries: general, methods: statistical, pulsars: general, stars: fundamental parameters, stars: neutron, stars: statistics },
     year = 2013,
    month = nov,
   volume = 778,
      eid = {66},
    pages = {66},
      doi = {10.1088/0004-637X/778/1/66},
   adsurl = {http://adsabs.harvard.edu/abs/2013ApJ...778...66K},
  adsnote = {Provided by the SAO/NASA Astrophysics Data System}
}

@ARTICLE{ml14,
   author = {{Melatos}, A. and {Link}, B.},
    title = "{Pulsar timing noise from superfluid turbulence}",
  journal = {\mnras},
archivePrefix = "arXiv",
   eprint = {1310.3108},
 primaryClass = "astro-ph.HE",
 keywords = {dense matter, gravitational waves, hydrodynamics, stars: neutron, pulsars: general, stars: rotation},
     year = 2014,
    month = jan,
   volume = 437,
    pages = {21-31},
      doi = {10.1093/mnras/stt1828},
   adsurl = {http://adsabs.harvard.edu/abs/2014MNRAS.437...21M},
  adsnote = {Provided by the SAO/NASA Astrophysics Data System}
}

@ARTICLE{kcs+13,
   author = {{Keith}, M.~J. and {Coles}, W. and {Shannon}, R.~M. and {Hobbs}, G.~B. and 
        {Manchester}, R.~N. and {Bailes}, M. and {Bhat}, N.~D.~R. and 
        {Burke-Spolaor}, S. and {Champion}, D.~J. and {Chaudhary}, A. and 
        {Hotan}, A.~W. and {Khoo}, J. and {Kocz}, J. and {Os{\l}owski}, S. and 
        {Ravi}, V. and {Reynolds}, J.~E. and {Sarkissian}, J. and {van Straten}, W. and 
        {Yardley}, D.~R.~B.},
    title = "{Measurement and correction of variations in interstellar dispersion in high-precision pulsar timing}",
  journal = {\mnras},
archivePrefix = "arXiv",
   eprint = {1211.5887},
 primaryClass = "astro-ph.GA",
 keywords = {methods: data analysis, pulsars: general, ISM: structure},
     year = 2013,
    month = mar,
   volume = 429,
    pages = {2161-2174},
      doi = {10.1093/mnras/sts486},
   adsurl = {http://adsabs.harvard.edu/abs/2013MNRAS.429.2161K},
  adsnote = {Provided by the SAO/NASA Astrophysics Data System}
}

@ARTICLE{ymh+13,
   author = {{Yu}, M. and {Manchester}, R.~N. and {Hobbs}, G. and {Johnston}, S. and 
        {Kaspi}, V.~M. and {Keith}, M. and {Lyne}, A.~G. and {Qiao}, G.~J. and 
        {Ravi}, V. and {Sarkissian}, J.~M. and {Shannon}, R. and {Xu}, R.~X.
        },
    title = "{Detection of 107 glitches in 36 southern pulsars}",
  journal = {\mnras},
archivePrefix = "arXiv",
   eprint = {1211.2035},
 primaryClass = "astro-ph.HE",
 keywords = {stars: neutron, pulsars: general},
     year = 2013,
    month = feb,
   volume = 429,
    pages = {688-724},
      doi = {10.1093/mnras/sts366},
   adsurl = {http://adsabs.harvard.edu/abs/2013MNRAS.429..688Y},
  adsnote = {Provided by the SAO/NASA Astrophysics Data System}
}

@ARTICLE{rsa+14,
   author = {{Ransom}, S.~M. and {Stairs}, I.~H. and {Archibald}, A.~M. and 
        {Hessels}, J.~W.~T. and {Kaplan}, D.~L. and {van Kerkwijk}, M.~H. and 
        {Boyles}, J. and {Deller}, A.~T. and {Chatterjee}, S. and {Schechtman-Rook}, A. and 
        {Berndsen}, A. and {Lynch}, R.~S. and {Lorimer}, D.~R. and {Karako-Argaman}, C. and 
        {Kaspi}, V.~M. and {Kondratiev}, V.~I. and {McLaughlin}, M.~A. and 
        {van Leeuwen}, J. and {Rosen}, R. and {Roberts}, M.~S.~E. and 
        {Stovall}, K.},
    title = "{A millisecond pulsar in a stellar triple system}",
  journal = {\nat},
archivePrefix = "arXiv",
   eprint = {1401.0535},
 primaryClass = "astro-ph.SR",
     year = 2014,
    month = jan,
   volume = 505,
    pages = {520-524},
      doi = {10.1038/nature12917},
   adsurl = {http://adsabs.harvard.edu/abs/2014Natur.505..520R},
  adsnote = {Provided by the SAO/NASA Astrophysics Data System}
}

@INPROCEEDINGS{GUPPI,
   author = {{DuPlain}, R. and {Ransom}, S. and {Demorest}, P. and {Brandt}, P. and 
        {Ford}, J. and {Shelton}, A.~L.},
    title = "{Launching GUPPI: the Green Bank Ultimate Pulsar Processing Instrument}",
booktitle = {Society of Photo-Optical Instrumentation Engineers (SPIE) Conference Series},
     year = 2008,
   series = {Society of Photo-Optical Instrumentation Engineers (SPIE) Conference Series},
   volume = 7019,
    month = aug,
      eid = {70191D},
      doi = {10.1117/12.790003},
   adsurl = {http://adsabs.harvard.edu/abs/2008SPIE.7019E..45D},
  adsnote = {Provided by the SAO/NASA Astrophysics Data System}
}

@ARTICLE{pdr14,
   author = {{Pennucci}, T.~T. and {Demorest}, P.~B. and {Ransom}, S.~M.},
    title = "{Elementary Wideband Timing of Radio Pulsars}",
  journal = {\apj},
archivePrefix = "arXiv",
   eprint = {1402.1672},
 primaryClass = "astro-ph.IM",
 keywords = {methods: data analysis, pulsars: general, pulsars: individual: B1821{\ndash}24A J1824{\ndash}2452A},
     year = 2014,
    month = aug,
   volume = 790,
      eid = {93},
    pages = {93},
      doi = {10.1088/0004-637X/790/2/93},
   adsurl = {http://adsabs.harvard.edu/abs/2014ApJ...790...93P},
  adsnote = {Provided by the SAO/NASA Astrophysics Data System}
}

@ARTICLE{opns12,
   author = {{{\"O}zel}, F. and {Psaltis}, D. and {Narayan}, R. and {Santos Villarreal}, A.
        },
    title = "{On the Mass Distribution and Birth Masses of Neutron Stars}",
  journal = {\apj},
archivePrefix = "arXiv",
   eprint = {1201.1006},
 primaryClass = "astro-ph.HE",
 keywords = {black hole physics, pulsars: general, stars: neutron, X-rays: binaries},
     year = 2012,
    month = sep,
   volume = 757,
      eid = {55},
    pages = {55},
      doi = {10.1088/0004-637X/757/1/55},
   adsurl = {http://adsabs.harvard.edu/abs/2012ApJ...757...55O},
  adsnote = {Provided by the SAO/NASA Astrophysics Data System}
}


@ARTICLE{lat12,
   author = {{Lattimer}, J.~M.},
    title = "{The Nuclear Equation of State and Neutron Star Masses}",
  journal = {Annual Review of Nuclear and Particle Science},
archivePrefix = "arXiv",
   eprint = {1305.3510},
 primaryClass = "nucl-th",
     year = 2012,
    month = nov,
   volume = 62,
    pages = {485-515},
      doi = {10.1146/annurev-nucl-102711-095018},
   adsurl = {http://adsabs.harvard.edu/abs/2012ARNPS..62..485L},
  adsnote = {Provided by the SAO/NASA Astrophysics Data System}
}


@ARTICLE{fst14,
   author = {{Fonseca}, E. and {Stairs}, I.~H. and {Thorsett}, S.~E.},
    title = "{A Comprehensive Study of Relativistic Gravity Using PSR B1534+12}",
  journal = {\apj},
archivePrefix = "arXiv",
   eprint = {1402.4836},
 primaryClass = "astro-ph.HE",
 keywords = {binaries: close, evolution, gravitation, pulsars: individual: PSR B1534+12, stars: distances},
     year = 2014,
    month = may,
   volume = 787,
      eid = {82},
    pages = {82},
      doi = {10.1088/0004-637X/787/1/82},
   adsurl = {http://adsabs.harvard.edu/abs/2014ApJ...787...82F},
  adsnote = {Provided by the SAO/NASA Astrophysics Data System}
}


@ARTICLE{sc10,
   author = {{Shannon}, R.~M. and {Cordes}, J.~M.},
    title = "{Assessing the Role of Spin Noise in the Precision Timing of Millisecond Pulsars}",
  journal = {\apj},
archivePrefix = "arXiv",
   eprint = {1010.4794},
 primaryClass = "astro-ph.SR",
 keywords = {gravitational waves, pulsars: general, pulsars: individual: PSR B1937+21, stars: neutron},
     year = 2010,
    month = dec,
   volume = 725,
    pages = {1607-1619},
      doi = {10.1088/0004-637X/725/2/1607},
   adsurl = {http://adsabs.harvard.edu/abs/2010ApJ...725.1607S},
  adsnote = {Provided by the SAO/NASA Astrophysics Data System}
}

@book{NR3,
 author = {Press, William H. and Teukolsky, Saul A. and Vetterling, William T. and Flannery, Brian P.},
 title = {Numerical Recipes 3rd Edition: The Art of Scientific Computing},
 year = {2007},
 isbn = {0521880688, 9780521880688},
 edition = {3},
 publisher = {Cambridge University Press},
 address = {New York, NY, USA},
} 

@ARTICLE{mcl13,
   author = {{McLaughlin}, M.~A.},
    title = "{The North American Nanohertz Observatory for Gravitational Waves}",
  journal = {Classical and Quantum Gravity},
archivePrefix = "arXiv",
   eprint = {1310.0758},
 primaryClass = "astro-ph.IM",
     year = 2013,
    month = nov,
   volume = 30,
   number = 22,
      eid = {224008},
    pages = {224008},
      doi = {10.1088/0264-9381/30/22/224008},
   adsurl = {http://adsabs.harvard.edu/abs/2013CQGra..30v4008M},
  adsnote = {Provided by the SAO/NASA Astrophysics Data System}
}

@ARTICLE{cbv+09,
   author = {{Chatterjee}, S. and {Brisken}, W.~F. and {Vlemmings}, W.~H.~T. and 
        {Goss}, W.~M. and {Lazio}, T.~J.~W. and {Cordes}, J.~M. and 
        {Thorsett}, S.~E. and {Fomalont}, E.~B. and {Lyne}, A.~G. and 
        {Kramer}, M.},
    title = "{Precision Astrometry with the Very Long Baseline Array: Parallaxes and Proper Motions for 14 Pulsars}",
  journal = {\apj},
archivePrefix = "arXiv",
   eprint = {0901.1436},
 primaryClass = "astro-ph.SR",
 keywords = {astrometry, pulsars: individual: B0031 {\ndash} 07 B0136+57 B0450 {\ndash} 18 B0450+55 J0538+2817 B0818 {\ndash} 13 B1508+55 B1541+09 J1713+0747 B1933+16 B2045 {\ndash} 16 B2053+36 B2154+40 B2310+42, stars: distances, stars: kinematics, stars: neutron},
     year = 2009,
    month = jun,
   volume = 698,
    pages = {250-265},
      doi = {10.1088/0004-637X/698/1/250},
   adsurl = {http://adsabs.harvard.edu/abs/2009ApJ...698..250C},
  adsnote = {Provided by the SAO/NASA Astrophysics Data System}
}

@ARTICLE{fwb09,
   author = {{Folkner}, W.~M. and {Williams}, J.~G. and {Boggs}, D.~H.},
    title = "{The Planetary and Lunar Ephemeris DE 421}",
  journal = {Interplanetary Network Progress Report},
     year = 2009,
    month = aug,
   volume = 178,
    pages = {C1},
   adsurl = {http://adsabs.harvard.edu/abs/2009IPNPR.178C...1F},
  adsnote = {Provided by the SAO/NASA Astrophysics Data System}
}

@ARTICLE{zbm+14,
   author = {{Zhu}, W.~W. and {Berndsen}, A. and {Madsen}, E.~C. and {Tan}, M. and 
        {Stairs}, I.~H. and {Brazier}, A. and {Lazarus}, P. and {Lynch}, R. and 
        {Scholz}, P. and {Stovall}, K. and {Ransom}, S.~M. and {Banaszak}, S. and 
        {Biwer}, C.~M. and {Cohen}, S. and {Dartez}, L.~P. and {Flanigan}, J. and 
        {Lunsford}, G. and {Martinez}, J.~G. and {Mata}, A. and {Rohr}, M. and 
        {Walker}, A. and {Allen}, B. and {Bhat}, N.~D.~R. and {Bogdanov}, S. and 
        {Camilo}, F. and {Chatterjee}, S. and {Cordes}, J.~M. and {Crawford}, F. and 
        {Deneva}, J.~S. and {Desvignes}, G. and {Ferdman}, R.~D. and 
        {Freire}, P.~C.~C. and {Hessels}, J.~W.~T. and {Jenet}, F.~A. and 
        {Kaplan}, D.~L. and {Kaspi}, V.~M. and {Knispel}, B. and {Lee}, K.~J. and 
        {van Leeuwen}, J. and {Lyne}, A.~G. and {McLaughlin}, M.~A. and 
        {Siemens}, X. and {Spitler}, L.~G. and {Venkataraman}, A.},
    title = "{Searching for Pulsars Using Image Pattern Recognition}",
  journal = {\apj},
archivePrefix = "arXiv",
   eprint = {1309.0776},
 primaryClass = "astro-ph.IM",
 keywords = {methods: data analysis, pulsars: general, stars: neutron, techniques: image processing },
     year = 2014,
    month = feb,
   volume = 781,
      eid = {117},
    pages = {117},
      doi = {10.1088/0004-637X/781/2/117},
   adsurl = {http://adsabs.harvard.edu/abs/2014ApJ...781..117Z},
  adsnote = {Provided by the SAO/NASA Astrophysics Data System}
}

@ARTICLE{vv14,
   author = {{van Haasteren}, R. and {Vallisneri}, M.},
    title = "{New advances in the Gaussian-process approach to pulsar-timing data analysis}",
  journal = {\prd},
archivePrefix = "arXiv",
   eprint = {1407.1838},
 primaryClass = "gr-qc",
 keywords = {Gravitational waves: theory, Relativity and gravitation, Pulsars},
     year = 2014,
    month = nov,
   volume = 90,
   number = 10,
      eid = {104012},
    pages = {104012},
      doi = {10.1103/PhysRevD.90.104012},
   adsurl = {http://adsabs.harvard.edu/abs/2014PhRvD..90j4012V},
  adsnote = {Provided by the SAO/NASA Astrophysics Data System}
}

@ARTICLE{vv14a,
   author = {{van Haasteren}, R. and {Vallisneri}, M.},
    title = "{Low-rank approximations for large stationary covariance matrices, as used in the Bayesian and generalized-least-squares analysis of pulsar-timing data}",
  journal = {ArXiv:1407.6710},
archivePrefix = "arXiv",
   eprint = {1407.6710},
 primaryClass = "astro-ph.IM",
 keywords = {Astrophysics - Instrumentation and Methods for Astrophysics, General Relativity and Quantum Cosmology},
     year = 2014,
    month = jul,
   adsurl = {http://adsabs.harvard.edu/abs/2014arXiv1407.6710V},
  adsnote = {Provided by the SAO/NASA Astrophysics Data System}
}

@ARTICLE{abb+14,
   author = {{Arzoumanian}, Z. and {Brazier}, A. and {Burke-Spolaor}, S. and 
        {Chamberlin}, S.~J. and {Chatterjee}, S. and {Cordes}, J.~M. and 
        {Demorest}, P.~B. and {Deng}, X. and {Dolch}, T. and {Ellis}, J.~A. and 
        {Ferdman}, R.~D. and {Garver-Daniels}, N. and {Jenet}, F. and 
        {Jones}, G. and {Kaspi}, V.~M. and {Koop}, M. and {Lam}, M.~T. and 
        {Lazio}, T.~J.~W. and {Lommen}, A.~N. and {Lorimer}, D.~R. and 
        {Luo}, J. and {Lynch}, R.~S. and {Madison}, D.~R. and {McLaughlin}, M.~A. and 
        {McWilliams}, S.~T. and {Nice}, D.~J. and {Palliyaguru}, N. and 
        {Pennucci}, T.~T. and {Ransom}, S.~M. and {Sesana}, A. and {Siemens}, X. and 
        {Stairs}, I.~H. and {Stinebring}, D.~R. and {Stovall}, K. and 
        {Swiggum}, J. and {Vallisneri}, M. and {van Haasteren}, R. and 
        {Wang}, Y. and {Zhu}, W.~W. and {NANOGrav Collaboration}},
    title = "{Gravitational Waves from Individual Supermassive Black Hole Binaries in Circular Orbits: Limits from the North American Nanohertz Observatory for Gravitational Waves}",
  journal = {\apj},
archivePrefix = "arXiv",
   eprint = {1404.1267},
 keywords = {gravitation, pulsars: general},
     year = 2014,
    month = oct,
   volume = 794,
      eid = {141},
    pages = {141},
      doi = {10.1088/0004-637X/794/2/141},
   adsurl = {http://adsabs.harvard.edu/abs/2014ApJ...794..141A},
  adsnote = {Provided by the SAO/NASA Astrophysics Data System}
}


@ARTICLE{ell13,
   author = {{Ellis}, J.~A.},
    title = "{A Bayesian analysis pipeline for continuous GW sources in the PTA band}",
  journal = {Classical and Quantum Gravity},
archivePrefix = "arXiv",
   eprint = {1305.0835},
 primaryClass = "astro-ph.IM",
     year = 2013,
    month = nov,
   volume = 30,
   number = 22,
      eid = {224004},
    pages = {224004},
      doi = {10.1088/0264-9381/30/22/224004},
   adsurl = {http://adsabs.harvard.edu/abs/2013CQGra..30v4004E},
  adsnote = {Provided by the SAO/NASA Astrophysics Data System}
}

@ARTICLE{vl13,
   author = {{van Haasteren}, R. and {Levin}, Y.},
    title = "{Understanding and analysing time-correlated stochastic signals in pulsar timing}",
  journal = {\mnras},
archivePrefix = "arXiv",
   eprint = {1202.5932},
 primaryClass = "astro-ph.IM",
 keywords = {gravitational waves, methods: data analysis, pulsars: general},
     year = 2013,
    month = jan,
   volume = 428,
    pages = {1147-1159},
      doi = {10.1093/mnras/sts097},
   adsurl = {http://adsabs.harvard.edu/abs/2013MNRAS.428.1147V},
  adsnote = {Provided by the SAO/NASA Astrophysics Data System}
}
@ARTICLE{lah+13,
	author = {{Lentati}, L. and {Alexander}, P. and {Hobson}, M.~P. and {Taylor}, S. and 
		{Gair}, J. and {Balan}, S.~T. and {van Haasteren}, R.},
	title = "{Hyper-efficient model-independent Bayesian method for the analysis of pulsar timing data}",
	journal = {\prd},
	archivePrefix = "arXiv",
	eprint = {1210.3578},
	primaryClass = "astro-ph.IM",
	year = 2013,
	month = may,
	volume = 87,
	number = 10,
	eid = {104021},
	pages = {104021},
	doi = {10.1103/PhysRevD.87.104021},
	adsurl = {http://adsabs.harvard.edu/abs/2013PhRvD..87j4021L},
	adsnote = {Provided by the SAO/NASA Astrophysics Data System}
}


@ARTICLE{ldc+14,
   author = {{Liu}, K. and {Desvignes}, G. and {Cognard}, I. and {Stappers}, B.~W. and 
        {Verbiest}, J.~P.~W. and {Lee}, K.~J. and {Champion}, D.~J. and 
        {Kramer}, M. and {Freire}, P.~C.~C. and {Karuppusamy}, R.},
    title = "{Measuring pulse times of arrival from broad-band pulsar observations}",
  journal = {\mnras},
archivePrefix = "arXiv",
   eprint = {1407.3827},
 keywords = {methods: data analysis, pulsars: general, pulsars: individual (PSR J1909-3744)},
     year = 2014,
    month = oct,
   volume = 443,
    pages = {3752-3760},
      doi = {10.1093/mnras/stu1420},
   adsurl = {http://adsabs.harvard.edu/abs/2014MNRAS.443.3752L},
  adsnote = {Provided by the SAO/NASA Astrophysics Data System}
}

@ARTICLE{dlc+14,
   author = {{Dolch}, T. and {Lam}, M.~T. and {Cordes}, J. and {Chatterjee}, S. and 
        {Bassa}, C. and {Bhattacharyya}, B. and {Champion}, D.~J. and 
        {Cognard}, I. and {Crowter}, K. and {Demorest}, P.~B. and {Hessels}, J.~W.~T. and 
        {Janssen}, G. and {Jenet}, F.~A. and {Jones}, G. and {Jordan}, C. and 
        {Karuppusamy}, R. and {Keith}, M. and {Kondratiev}, V. and {Kramer}, M. and 
        {Lazarus}, P. and {Lazio}, T.~J.~W. and {Lee}, K.~J. and {McLaughlin}, M.~A. and 
        {Roy}, J. and {Shannon}, R.~M. and {Stairs}, I. and {Stovall}, K. and 
        {Verbiest}, J.~P.~W. and {Madison}, D.~R. and {Palliyaguru}, N. and 
        {Perrodin}, D. and {Ransom}, S. and {Stappers}, B. and {Zhu}, W.~W. and 
        {Dai}, S. and {Desvignes}, G. and {Guillemot}, L. and {Liu}, K. and 
        {Lyne}, A. and {Perera}, B.~B.~P. and {Petroff}, E. and {Rankin}, J.~M. and 
        {Smits}, R.},
    title = "{A 24 Hr Global Campaign to Assess Precision Timing of the Millisecond Pulsar J1713+0747}",
  journal = {\apj},
archivePrefix = "arXiv",
   eprint = {1408.1694},
 primaryClass = "astro-ph.HE",
 keywords = {gravitational waves, ISM: structure, pulsars: individual: PSR J1713+0747},
     year = 2014,
    month = oct,
   volume = 794,
      eid = {21},
    pages = {21},
      doi = {10.1088/0004-637X/794/1/21},
   adsurl = {http://adsabs.harvard.edu/abs/2014ApJ...794...21D},
  adsnote = {Provided by the SAO/NASA Astrophysics Data System}
}

@ARTICLE{lbj+14,
   author = {{Lee}, K.~J. and {Bassa}, C.~G. and {Janssen}, G.~H. and {Karuppusamy}, R. and 
        {Kramer}, M. and {Liu}, K. and {Perrodin}, D. and {Smits}, R. and 
        {Stappers}, B.~W. and {van Haasteren}, R. and {Lentati}, L.},
    title = "{Model-based asymptotically optimal dispersion measure correction for pulsar timing}",
  journal = {\mnras},
archivePrefix = "arXiv",
   eprint = {1404.2084},
 primaryClass = "astro-ph.IM",
 keywords = {methods: statistical, pulsars: general},
     year = 2014,
    month = jul,
   volume = 441,
    pages = {2831-2844},
      doi = {10.1093/mnras/stu664},
   adsurl = {http://adsabs.harvard.edu/abs/2014MNRAS.441.2831L},
  adsnote = {Provided by the SAO/NASA Astrophysics Data System}
}
